2744 4776
600 266 760 324 ..ω-

179 450 293 525 quam
308 452 382 498 uon
401 425 715 527 septentrionales,
738 423 799 497 sed
822 421 1011 495 meridiani
1038 421 1192 495 barbari

180 557 402 651 oppriment.

229 683 409 766 Attamen,
429 680 605 749 exstincto
619 674 840 765 Theodosio,
856 680 893 745 in
911 679 1066 746 maxima
1085 678 1187 771 peri-

180 799 265 872 cula
278 800 407 874 incidit
419 801 596 874 orientale
610 806 820 900 imperium,
841 824 984 898 resque,
1001 825 1022 868 a
1037 796 1193 898 perfidis

181 925 348 1026 impulsae
366 932 554 1013 ministris,
575 931 690 997 nrinae
705 931 894 1025 propiores
911 923 1070 995 fuemut.

228 1055 393 1123 Zosimus
414 1057 492 1123 sine
507 1051 586 1123 ullo
604 1056 717 1124 animi
736 1066 838 1122 motu
854 1048 979 1122 Rufini
998 1048 1090 1121 lacta
1106 1072 1191 1119 nar-

187 1181 293 1265 ravit,
307 1200 375 1248 nec
389 1181 550 1267 avaritia,
564 1201 631 1248 nec
653 1175 880 1265 crudelitate,
900 1199 968 1247 nec
992 1173 1193 1246 sceleribus

180 1302 341 1390 omissis3
360 1327 428 1374 nec
447 1300 652 1402 quidquam
672 1301 912 1374 aClaudiano
929 1299 1049 1371 distat.
1064 1304 1190 1369 ilisto-

179 1429 288 1512 ricns,
309 1431 379 1497 nisi
396 1441 504 1525 poeta
526 1432 721 1526 scripsisset
742 1433 855 1526 prior,
878 1430 1080 1497 carminum
1109 1447 1187 1493 ma·

181 1554 306 1624 teriam
325 1553 528 1628 Claudiano
540 1552 699 1653 praebere
720 1558 908 1651 potuisset.
930 1549 1062 1648 Eadem
1086 1554 1186 1620 enim

180 1674 363 1775 objurgat,
385 1677 459 1766 sed,
492 1703 574 1775 quae
597 1675 741 1776 placido
759 1681 882 1749 animo
909 1674 1016 1746 refert
1038 1673 1186 1744 histori-

180 1825 259 1891 cus,
270 1825 312 1874 ea
325 1818 445 1901 poeta,
461 1806 615 1874 maxima
629 1800 879 1900 indignatione
889 1800 1073 1900 abreptus,
1090 1822 1186 1870 acer·

181 1930 271 1997 rime
284 1924 460 2024 depinxit.

227 2054 350 2144 Quum
361 2050 535 2123 Rufirmm
550 2051 773 2125 Claudianus
784 2058 914 2148 arguit,
929 2049 1029 2147 quod
1043 2055 1184 2147 imperii

180 2177 344 2262 exitium,
362 2172 600 2247 barbarorum
620 2175 783 2248 subsidio
799 2175 922 2262 fretus,
940 2174 1181 2260 machinetur,

181 2301 217 2366 in
248 2303 459 2370 memoriam
484 2314 698 2372 revocantur
714 2306 876 2399 pessimae
897 2314 1004 2388 artes,
1031 2297 1182 2394 quibus,

180 2420 382 2494 secundnm
400 2429 604 2516 Zosimum,
618 2424 777 2498 Rufinus
791 2440 912 2496 natam
933 2449 1034 2496 suam
1049 2422 1095 2495 ad
1117 2428 1183 2494 im-

182 2549 319 2645 perium
335 2546 461 2620 tollere
485 2564 653 2639 conatur,
674 2564 709 2620 et
734 2555 837 2637 iram,
858 2573 932 2646 qua
959 2545 1181 2635 incenditur,
1288 2634 1296 2646 ν

179 2671 610 2772 quumEutropiusBauti
622 2673 1055 2746 filiamArcadiouxorem
1066 2671 1180 2745 dedit.

227 2800 296 2866 Vix
323 2795 414 2869 dixit
445 2784 668 2871 Claudianus
704 2796 877 2869 Rufinum
915 2801 1183 2868 immanissimis

178 2920 505 3020 proscriptionibus
525 2929 561 2993 iu
581 2926 773 3021 imperium
802 2926 963 3009 saeviisse,
988 2935 1099 3016 atque
1125 2922 1182 3016 ip-

179 3069 280 3134 sum,
301 3052 545 3119 occisoruma
570 3072 607 3118 se
633 3052 765 3119 civium
793 3044 982 3136 haeredem,
1008 3048 1182 3116 maximas

179 3176 399 3267 congessisse
422 3173 581 3261 divitias3
606 3172 694 3244 dum
720 3178 884 3244 Zosimus
908 3196 990 3242 eum
1017 3167 1180 3265 effingit,

180 3297 381 3367 Lucianum
400 3301 558 3368 Orientis
586 3302 781 3385 comitem,
809 3320 918 3394 quem
951 3299 1002 3365 ira
1034 3307 1070 3363 et
1093 3289 1182 3362 odio

180 3420 476 3521 persequebatur,
492 3423 698 3495 Antiochea¹
719 3419 1101 3521 comprehendentem,
1116 3441 1183 3487 uec

180 3552 281 3642 prius
309 3545 560 3619 abscedentem
588 3552 679 3645 quin
707 3546 1010 3646 comprehensum
1034 3549 1110 3643 ipse
1136 3538 1181 3612 ad

180 3671 401 3773 supplicium
421 3670 577 3745 duxerit.

228 3799 381 3868 Tantam
404 3802 515 3896 igitur
539 3822 605 3898 per
625 3794 874 3869 crudelitatem
901 3809 936 3866 et
966 3797 1183 3892 exquisitam

181 3919 367 4025 perfidiam
402 3919 556 3993 redeunt
582 3935 742 3993 veterum
772 3917 1035 4022 proconsulum
1060 3913 1185 3988 esfusm
