<?xml version="1.0" encoding="UTF-8"?>
<!DOCTYPE html PUBLIC "-//W3C//DTD XHTML 1.0 Transitional//EN"
    "http://www.w3.org/TR/xhtml1/DTD/xhtml1-transitional.dtd">
<html xmlns="http://www.w3.org/1999/xhtml" xml:lang="en" lang="en">
 <head>
  <title>
</title>
<meta http-equiv="Content-Type" content="text/html;charset=utf-8" />
  <meta name='ocr-system' content='tesseract 3.04.00' />
  <meta name='ocr-capabilities' content='ocr_page ocr_carea ocr_par ocr_line ocrx_word'/>
</head>
<body>
  <div class='ocr_page' id='page_1' title='image "./quidadhistoriam00chotgoog_0023.png"; bbox 0 0 2744 4776; ppageno 0'>
   <div class='ocr_carea' id='block_1_1' title="bbox 593 267 752 324">
    <p class='ocr_par' dir='ltr' id='par_1_1' title="bbox 593 267 752 324">
     <span class='ocr_line' id='line_1_1' title="bbox 593 267 752 324; baseline 0 -14"><span class='ocrx_word' id='word_1_1' title='bbox 593 267 752 324; x_wconf 65' lang='lat'>..12-</span> 
     </span>
    </p>
   </div>
   <div class='ocr_carea' id='block_1_2' title="bbox 171 425 1184 3660">
    <p class='ocr_par' dir='ltr' id='par_1_2' title="bbox 174 425 1184 1028">
     <span class='ocr_line' id='line_1_2' title="bbox 174 425 1183 527; baseline 0.009 -33"><span class='ocrx_word' id='word_1_2' title='bbox 174 457 190 494; x_wconf 73' lang='lat' dir='ltr'>a</span> <span class='ocrx_word' id='word_1_3' title='bbox 218 425 355 527; x_wconf 85' lang='lat' dir='ltr'>gladio,</span> <span class='ocrx_word' id='word_1_4' title='bbox 391 441 426 499; x_wconf 87' lang='lat' dir='ltr'>et</span> <span class='ocrx_word' id='word_1_5' title='bbox 455 430 515 497; x_wconf 86' lang='lat' dir='ltr'>vix</span> <span class='ocrx_word' id='word_1_6' title='bbox 552 431 659 526; x_wconf 86' lang='lat' dir='ltr'>pauci</span> <span class='ocrx_word' id='word_1_7' title='bbox 694 428 759 524; x_wconf 90' lang='lat' dir='ltr'>qui</span> <span class='ocrx_word' id='word_1_8' title='bbox 791 441 1007 526; x_wconf 78' lang='lat' dir='ltr'>caperentur</span> <span class='ocrx_word' id='word_1_9' title='bbox 1039 433 1183 503; x_wconf 88' lang='lat' dir='ltr'>inventi</span> 
     </span>
     <span class='ocr_line' id='line_1_3' title="bbox 174 555 1184 650; baseline 0.009 -29"><span class='ocrx_word' id='word_1_10' title='bbox 174 583 192 621; x_wconf 72' lang='lat' dir='ltr'>a</span> <span class='ocrx_word' id='word_1_11' title='bbox 220 567 367 627; x_wconf 81' lang='lat' dir='ltr'>sunt...</span> <span class='ocrx_word' id='word_1_12' title='bbox 395 559 508 644; x_wconf 83' lang='lat' dir='ltr'>Deua,</span> <span class='ocrx_word' id='word_1_13' title='bbox 528 567 702 625; x_wconf 82' lang='lat' dir='ltr'>venerunt</span> <span class='ocrx_word' id='word_1_14' title='bbox 723 567 847 650; x_wconf 74' lang='lat' dir='ltr'>gentes</span> <span class='ocrx_word' id='word_1_15' title='bbox 873 561 910 625; x_wconf 83' lang='lat' dir='ltr'>in</span> <span class='ocrx_word' id='word_1_16' title='bbox 928 555 1184 630; x_wconf 67' lang='lat' dir='ltr'>haereditatem</span> 
     </span>
     <span class='ocr_line' id='line_1_4' title="bbox 174 677 1183 777; baseline 0.008 -31"><span class='ocrx_word' id='word_1_17' title='bbox 174 708 192 746; x_wconf 79' lang='lat' dir='ltr'>u</span> <span class='ocrx_word' id='word_1_18' title='bbox 221 695 330 765; x_wconf 86' lang='lat' dir='ltr'>tuam,</span> <span class='ocrx_word' id='word_1_19' title='bbox 343 677 556 777; x_wconf 83' lang='lat' dir='ltr'>polluerunt</span> <span class='ocrx_word' id='word_1_20' title='bbox 570 677 743 777; x_wconf 86' lang='lat' dir='ltr'>templum</span> <span class='ocrx_word' id='word_1_21' title='bbox 760 694 923 750; x_wconf 86' lang='lat' dir='ltr'>sunctum</span> <span class='ocrx_word' id='word_1_22' title='bbox 934 695 1045 752; x_wconf 78' lang='lat' dir='ltr'>tirum.</span> <span class='ocrx_word' id='word_1_23' title='bbox 1113 685 1183 775; x_wconf 88' lang='lat' dir='ltr'>Ef-</span> 
     </span>
     <span class='ocr_line' id='line_1_5' title="bbox 176 804 1182 901; baseline 0.007 -31"><span class='ocrx_word' id='word_1_24' title='bbox 176 833 193 870; x_wconf 80' lang='lat' dir='ltr'>u</span> <span class='ocrx_word' id='word_1_25' title='bbox 208 804 396 894; x_wconf 80' lang='lat' dir='ltr'>fuderunt</span> <span class='ocrx_word' id='word_1_26' title='bbox 412 807 620 900; x_wconf 73' lang='lat' dir='ltr'>sanguinem</span> <span class='ocrx_word' id='word_1_27' title='bbox 640 826 764 874; x_wconf 86' lang='lat' dir='ltr'>eorum</span> <span class='ocrx_word' id='word_1_28' title='bbox 783 809 876 873; x_wconf 86' lang='lat' dir='ltr'>sicut</span> <span class='ocrx_word' id='word_1_29' title='bbox 890 829 1027 901; x_wconf 86' lang='lat' dir='ltr'>aquam</span> <span class='ocrx_word' id='word_1_30' title='bbox 1046 811 1083 876; x_wconf 84' lang='lat' dir='ltr'>in</span> <span class='ocrx_word' id='word_1_31' title='bbox 1111 812 1182 877; x_wconf 86' lang='lat' dir='ltr'>cir·</span> 
     </span>
     <span class='ocr_line' id='line_1_6' title="bbox 176 927 1178 1028; baseline 0.004 -32"><span class='ocrx_word' id='word_1_32' title='bbox 176 957 194 996; x_wconf 89' lang='lat'>«</span> <span class='ocrx_word' id='word_1_33' title='bbox 222 935 319 1000; x_wconf 85' lang='lat' dir='ltr'>cuitu</span> <span class='ocrx_word' id='word_1_34' title='bbox 345 927 553 1014; x_wconf 81' lang='lat' dir='ltr'><em>Jerusalem,</em></span> <span class='ocrx_word' id='word_1_35' title='bbox 577 943 611 1000; x_wconf 89' lang='lat' dir='ltr'>et</span> <span class='ocrx_word' id='word_1_36' title='bbox 627 951 698 999; x_wconf 87' lang='lat' dir='ltr'>non</span> <span class='ocrx_word' id='word_1_37' title='bbox 718 944 795 999; x_wconf 86' lang='lat' dir='ltr'>erat</span> <span class='ocrx_word' id='word_1_38' title='bbox 811 931 876 1028; x_wconf 88' lang='lat' dir='ltr'>qui</span> <span class='ocrx_word' id='word_1_39' title='bbox 891 928 1056 1028; x_wconf 81' lang='lat' dir='ltr'><em>sepeliret</em></span> <span class='ocrx_word' id='word_1_40' title='bbox 1071 929 1138 1028; x_wconf 81' lang='grc' dir='ltr'>(ι).</span> <span class='ocrx_word' id='word_1_41' title='bbox 1160 963 1178 1000; x_wconf 88' lang='lat'>»</span> 
     </span>
    </p>

    <p class='ocr_par' dir='ltr' id='par_1_3' title="bbox 171 1053 1182 3157">
     <span class='ocr_line' id='line_1_7' title="bbox 221 1053 1182 1153; baseline 0.001 -26"><span class='ocrx_word' id='word_1_42' title='bbox 221 1058 330 1127; x_wconf 85' lang='lat' dir='ltr'>Anno</span> <span class='ocrx_word' id='word_1_43' title='bbox 345 1057 417 1153; x_wconf 68' lang='lat'>429</span> <span class='ocrx_word' id='word_1_44' title='bbox 431 1053 536 1126; x_wconf 89' lang='lat' dir='ltr'>divus</span> <span class='ocrx_word' id='word_1_45' title='bbox 549 1057 773 1153; x_wconf 82' lang='lat' dir='ltr'><strong>Augustinus</strong></span> <span class='ocrx_word' id='word_1_46' title='bbox 791 1053 925 1126; x_wconf 90' lang='lat' dir='ltr'>occidit</span> <span class='ocrx_word' id='word_1_47' title='bbox 940 1061 977 1126; x_wconf 93' lang='lat' dir='ltr'>in</span> <span class='ocrx_word' id='word_1_48' title='bbox 993 1055 1182 1129; x_wconf 89' lang='lat' dir='ltr'>moenibus</span> 
     </span>
     <span class='ocr_line' id='line_1_8' title="bbox 173 1177 1178 1279; baseline 0.003 -28"><span class='ocrx_word' id='word_1_49' title='bbox 173 1184 380 1279; x_wconf 78' lang='lat' dir='ltr'>Hipponaea</span> <span class='ocrx_word' id='word_1_50' title='bbox 393 1184 590 1252; x_wconf 87' lang='lat' dir='ltr'>Genserico</span> <span class='ocrx_word' id='word_1_51' title='bbox 600 1194 635 1251; x_wconf 88' lang='lat' dir='ltr'>et</span> <span class='ocrx_word' id='word_1_52' title='bbox 648 1177 897 1252; x_wconf 90' lang='lat' dir='ltr'>Vandalorum</span> <span class='ocrx_word' id='word_1_53' title='bbox 912 1186 1021 1252; x_wconf 91' lang='lat' dir='ltr'>armis</span> <span class='ocrx_word' id='word_1_54' title='bbox 1033 1185 1178 1272; x_wconf 81' lang='lat' dir='ltr'>cinctae3</span> 
     </span>
     <span class='ocr_line' id='line_1_9' title="bbox 172 1305 1178 1404; baseline 0.003 -27"><span class='ocrx_word' id='word_1_55' title='bbox 172 1310 326 1403; x_wconf 90' lang='lat' dir='ltr'>imperio</span> <span class='ocrx_word' id='word_1_56' title='bbox 343 1308 453 1404; x_wconf 86' lang='lat' dir='ltr'>igitur</span> <span class='ocrx_word' id='word_1_57' title='bbox 468 1305 657 1378; x_wconf 82' lang='lat' dir='ltr'>inclinanti</span> <span class='ocrx_word' id='word_1_58' title='bbox 669 1307 744 1402; x_wconf 90' lang='lat' dir='ltr'>jam</span> <span class='ocrx_word' id='word_1_59' title='bbox 755 1320 790 1378; x_wconf 90' lang='lat' dir='ltr'>et</span> <span class='ocrx_word' id='word_1_60' title='bbox 799 1308 919 1378; x_wconf 88' lang='lat' dir='ltr'>ruenti</span> <span class='ocrx_word' id='word_1_61' title='bbox 934 1310 1032 1378; x_wconf 89' lang='lat' dir='ltr'>testis</span> <span class='ocrx_word' id='word_1_62' title='bbox 1046 1306 1178 1380; x_wconf 85' lang='lat' dir='ltr'>adluit.</span> 
     </span>
     <span class='ocr_line' id='line_1_10' title="bbox 172 1430 1180 1530; baseline 0.001 -26"><span class='ocrx_word' id='word_1_63' title='bbox 172 1434 310 1530; x_wconf 87' lang='lat' dir='ltr'><em>Nempe</em></span> <span class='ocrx_word' id='word_1_64' title='bbox 333 1431 408 1528; x_wconf 90' lang='lat' dir='ltr'>jam</span> <span class='ocrx_word' id='word_1_65' title='bbox 437 1430 485 1503; x_wconf 90' lang='lat' dir='ltr'>ah</span> <span class='ocrx_word' id='word_1_66' title='bbox 505 1436 657 1530; x_wconf 89' lang='lat' dir='ltr'>imperio</span> <span class='ocrx_word' id='word_1_67' title='bbox 681 1431 806 1505; x_wconf 85' lang='lat' dir='ltr'>avulsa</span> <span class='ocrx_word' id='word_1_68' title='bbox 826 1430 943 1504; x_wconf 85' lang='lat' dir='ltr'>fuerat</span> <span class='ocrx_word' id='word_1_69' title='bbox 964 1430 1094 1524; x_wconf 85' lang='lat' dir='ltr'>Gallia,</span> <span class='ocrx_word' id='word_1_70' title='bbox 1116 1457 1180 1505; x_wconf 85' lang='lat' dir='ltr'>ex·</span> 
     </span>
     <span class='ocr_line' id='line_1_11' title="bbox 172 1557 1181 1654; baseline 0.004 -27"><span class='ocrx_word' id='word_1_71' title='bbox 172 1560 285 1652; x_wconf 84' lang='lat' dir='ltr'>ceptis</span> <span class='ocrx_word' id='word_1_72' title='bbox 309 1560 403 1627; x_wconf 89' lang='lat' dir='ltr'>inter</span> <span class='ocrx_word' id='word_1_73' title='bbox 420 1560 623 1653; x_wconf 81' lang='lat' dir='ltr'>Sequanam</span> <span class='ocrx_word' id='word_1_74' title='bbox 642 1570 677 1626; x_wconf 88' lang='lat' dir='ltr'>et</span> <span class='ocrx_word' id='word_1_75' title='bbox 700 1560 855 1654; x_wconf 82' lang='lat' dir='ltr'>Ligerim</span> <span class='ocrx_word' id='word_1_76' title='bbox 878 1557 1103 1654; x_wconf 84' lang='lat' dir='ltr'>regionibus,</span> <span class='ocrx_word' id='word_1_77' title='bbox 1122 1583 1181 1631; x_wconf 84' lang='lat' dir='ltr'>ex·</span> 
     </span>
     <span class='ocr_line' id='line_1_12' title="bbox 171 1682 1180 1779; baseline 0.006 -29"><span class='ocrx_word' id='word_1_78' title='bbox 171 1693 275 1777; x_wconf 84' lang='lat' dir='ltr'>cepta</span> <span class='ocrx_word' id='word_1_79' title='bbox 296 1684 447 1777; x_wconf 88' lang='lat' dir='ltr'>antiqua</span> <span class='ocrx_word' id='word_1_80' title='bbox 468 1683 655 1778; x_wconf 90' lang='lat' dir='ltr'>provincia</span> <span class='ocrx_word' id='word_1_81' title='bbox 675 1685 857 1770; x_wconf 81' lang='lat' dir='ltr'>Romana3</span> <span class='ocrx_word' id='word_1_82' title='bbox 880 1686 948 1779; x_wconf 92' lang='lat' dir='ltr'>ipsi</span> <span class='ocrx_word' id='word_1_83' title='bbox 969 1697 1090 1754; x_wconf 90' lang='lat' dir='ltr'>autem</span> <span class='ocrx_word' id='word_1_84' title='bbox 1114 1682 1180 1757; x_wconf 89' lang='lat' dir='ltr'>ha·</span> 
     </span>
     <span class='ocr_line' id='line_1_13' title="bbox 173 1803 1179 1904; baseline 0.006 -30"><span class='ocrx_word' id='word_1_85' title='bbox 173 1828 254 1875; x_wconf 90' lang='lat' dir='ltr'>rum</span> <span class='ocrx_word' id='word_1_86' title='bbox 276 1807 544 1903; x_wconf 87' lang='lat' dir='ltr'>provinciarum</span> <span class='ocrx_word' id='word_1_87' title='bbox 567 1803 734 1904; x_wconf 86' lang='lat' dir='ltr'>praefecti,</span> <span class='ocrx_word' id='word_1_88' title='bbox 758 1805 977 1879; x_wconf 89' lang='lat' dir='ltr'>instantibus</span> <span class='ocrx_word' id='word_1_89' title='bbox 998 1805 1179 1900; x_wconf 87' lang='lat' dir='ltr'>barbaris,</span> 
     </span>
     <span class='ocr_line' id='line_1_14' title="bbox 173 1929 1181 2032; baseline 0.005 -32"><span class='ocrx_word' id='word_1_90' title='bbox 173 1953 240 2002; x_wconf 89' lang='lat' dir='ltr'>nec</span> <span class='ocrx_word' id='word_1_91' title='bbox 258 1929 462 2028; x_wconf 91' lang='lat' dir='ltr'>quidquam</span> <span class='ocrx_word' id='word_1_92' title='bbox 476 1929 601 2003; x_wconf 88' lang='lat' dir='ltr'>auxilii</span> <span class='ocrx_word' id='word_1_93' title='bbox 617 1929 844 2004; x_wconf 84' lang='lat' dir='ltr'>mittentibus</span> <span class='ocrx_word' id='word_1_94' title='bbox 857 1936 993 2030; x_wconf 85' lang='lat' dir='ltr'>ignavis</span> <span class='ocrx_word' id='word_1_95' title='bbox 1006 1937 1181 2032; x_wconf 91' lang='lat' dir='ltr'>principi·</span> 
     </span>
     <span class='ocr_line' id='line_1_15' title="bbox 173 2052 1179 2156; baseline 0.006 -30"><span class='ocrx_word' id='word_1_96' title='bbox 173 2052 258 2146; x_wconf 89' lang='lat' dir='ltr'>bus,</span> <span class='ocrx_word' id='word_1_97' title='bbox 275 2053 318 2126; x_wconf 89' lang='lat' dir='ltr'>ad</span> <span class='ocrx_word' id='word_1_98' title='bbox 336 2053 373 2127; x_wconf 93' lang='lat' dir='ltr'>id</span> <span class='ocrx_word' id='word_1_99' title='bbox 392 2058 496 2127; x_wconf 90' lang='lat' dir='ltr'>inviti</span> <span class='ocrx_word' id='word_1_100' title='bbox 510 2071 695 2145; x_wconf 87' lang='lat' dir='ltr'>venerant,</span> <span class='ocrx_word' id='word_1_101' title='bbox 712 2071 752 2127; x_wconf 88' lang='lat' dir='ltr'>ut</span> <span class='ocrx_word' id='word_1_102' title='bbox 768 2055 894 2128; x_wconf 88' lang='lat' dir='ltr'>fierent</span> <span class='ocrx_word' id='word_1_103' title='bbox 908 2063 964 2130; x_wconf 92' lang='lat' dir='ltr'>sui</span> <span class='ocrx_word' id='word_1_104' title='bbox 980 2059 1084 2156; x_wconf 91' lang='lat' dir='ltr'>juris.</span> <span class='ocrx_word' id='word_1_105' title='bbox 1102 2063 1179 2143; x_wconf 79' lang='lat' dir='ltr'>Rex</span> 
     </span>
     <span class='ocr_line' id='line_1_16' title="bbox 173 2178 1180 2271; baseline 0.006 -21"><span class='ocrx_word' id='word_1_106' title='bbox 173 2193 226 2250; x_wconf 88' lang='lat' dir='ltr'>est</span> <span class='ocrx_word' id='word_1_107' title='bbox 244 2183 381 2271; x_wconf 84' lang='lat' dir='ltr'>Aetius,</span> <span class='ocrx_word' id='word_1_108' title='bbox 402 2193 443 2251; x_wconf 92' lang='lat' dir='ltr'>ut</span> <span class='ocrx_word' id='word_1_109' title='bbox 461 2178 626 2252; x_wconf 90' lang='lat' dir='ltr'>scribunt</span> <span class='ocrx_word' id='word_1_110' title='bbox 643 2180 808 2252; x_wconf 91' lang='lat' dir='ltr'>chronici</span> <span class='ocrx_word' id='word_1_111' title='bbox 827 2180 934 2271; x_wconf 79' lang='lat' dir='ltr'>libri3</span> <span class='ocrx_word' id='word_1_112' title='bbox 954 2197 989 2254; x_wconf 88' lang='lat' dir='ltr'>et</span> <span class='ocrx_word' id='word_1_113' title='bbox 1009 2182 1069 2255; x_wconf 89' lang='lat' dir='ltr'>ille</span> <span class='ocrx_word' id='word_1_114' title='bbox 1090 2183 1180 2256; x_wconf 89' lang='lat' dir='ltr'>Gal·</span> 
     </span>
     <span class='ocr_line' id='line_1_17' title="bbox 172 2303 1181 2404; baseline 0.006 -30"><span class='ocrx_word' id='word_1_115' title='bbox 172 2304 259 2376; x_wconf 90' lang='lat' dir='ltr'>liam</span> <span class='ocrx_word' id='word_1_116' title='bbox 278 2303 326 2377; x_wconf 87' lang='lat' dir='ltr'>ab</span> <span class='ocrx_word' id='word_1_117' title='bbox 340 2304 458 2377; x_wconf 80' lang='lat' dir='ltr'>Attilae</span> <span class='ocrx_word' id='word_1_118' title='bbox 477 2303 647 2377; x_wconf 90' lang='lat' dir='ltr'>manibus</span> <span class='ocrx_word' id='word_1_119' title='bbox 665 2310 806 2404; x_wconf 87' lang='lat' dir='ltr'>eripiet,</span> <span class='ocrx_word' id='word_1_120' title='bbox 831 2331 905 2378; x_wconf 94' lang='lat' dir='ltr'>non</span> <span class='ocrx_word' id='word_1_121' title='bbox 931 2307 1181 2381; x_wconf 90' lang='lat' dir='ltr'>Valentiniani</span> 
     </span>
     <span class='ocr_line' id='line_1_18' title="bbox 172 2430 1179 2529; baseline 0.006 -28"><span class='ocrx_word' id='word_1_122' title='bbox 172 2435 282 2509; x_wconf 90' lang='lat' dir='ltr'>armis</span> <span class='ocrx_word' id='word_1_123' title='bbox 304 2435 430 2522; x_wconf 80' lang='lat' dir='ltr'>nixae,</span> <span class='ocrx_word' id='word_1_124' title='bbox 452 2430 514 2504; x_wconf 88' lang='lat' dir='ltr'>sed</span> <span class='ocrx_word' id='word_1_125' title='bbox 539 2437 782 2517; x_wconf 86' lang='lat' dir='ltr'>Francorum,</span> <span class='ocrx_word' id='word_1_126' title='bbox 803 2438 869 2528; x_wconf 93' lang='lat' dir='ltr'>qui</span> <span class='ocrx_word' id='word_1_127' title='bbox 894 2457 1012 2529; x_wconf 87' lang='lat' dir='ltr'>usque</span> <span class='ocrx_word' id='word_1_128' title='bbox 1039 2433 1085 2506; x_wconf 84' lang='lat' dir='ltr'>ad</span> <span class='ocrx_word' id='word_1_129' title='bbox 1112 2439 1179 2506; x_wconf 92' lang='lat' dir='ltr'>So·</span> 
     </span>
     <span class='ocr_line' id='line_1_19' title="bbox 173 2541 1177 2655; baseline 0.003 -27"><span class='ocrx_word' id='word_1_130' title='bbox 173 2580 322 2628; x_wconf 88' lang='lat' dir='ltr'>monam</span> <span class='ocrx_word' id='word_1_131' title='bbox 353 2541 605 2654; x_wconf 74' lang='lat' dir='ltr'>etiamque&#39;ad</span> <span class='ocrx_word' id='word_1_132' title='bbox 630 2561 834 2654; x_wconf 85' lang='lat' dir='ltr'>Sequanam</span> <span class='ocrx_word' id='word_1_133' title='bbox 853 2563 1030 2655; x_wconf 84' lang='lat' dir='ltr'>progressi</span> <span class='ocrx_word' id='word_1_134' title='bbox 1056 2574 1177 2650; x_wconf 86' lang='lat' dir='ltr'>erant;</span> 
     </span>
     <span class='ocr_line' id='line_1_20' title="bbox 172 2679 1180 2780; baseline 0.006 -29"><span class='ocrx_word' id='word_1_135' title='bbox 172 2679 468 2777; x_wconf 88' lang='lat' dir='ltr'>Burgundorum,</span> <span class='ocrx_word' id='word_1_136' title='bbox 493 2687 558 2779; x_wconf 91' lang='lat' dir='ltr'>qui</span> <span class='ocrx_word' id='word_1_137' title='bbox 585 2687 678 2753; x_wconf 86' lang='lat' dir='ltr'>inter</span> <span class='ocrx_word' id='word_1_138' title='bbox 695 2687 881 2754; x_wconf 86' lang='lat' dir='ltr'>Jurassum</span> <span class='ocrx_word' id='word_1_139' title='bbox 899 2685 1115 2780; x_wconf 87' lang='lat' dir='ltr'>Ararimque</span> <span class='ocrx_word' id='word_1_140' title='bbox 1143 2700 1180 2757; x_wconf 90' lang='lat' dir='ltr'>et</span> 
     </span>
     <span class='ocr_line' id='line_1_21' title="bbox 172 2760 1180 2905; baseline 0.001 -26"><span class='ocrx_word' id='word_1_141' title='bbox 172 2803 392 2880; x_wconf 85' lang='lat' dir='ltr'>Rhodanum</span> <span class='ocrx_word' id='word_1_142' title='bbox 428 2804 687 2897; x_wconf 83' lang='lat' dir='ltr'>consederant3</span> <span class='ocrx_word' id='word_1_143' title='bbox 720 2760 1080 2904; x_wconf 65' lang='lat' dir='ltr'>ac‘ihsigothorum,</span> <span class='ocrx_word' id='word_1_144' title='bbox 1113 2814 1180 2905; x_wconf 94' lang='lat' dir='ltr'>qui</span> 
     </span>
     <span class='ocr_line' id='line_1_22' title="bbox 173 2930 1178 3033; baseline 0.003 -30"><span class='ocrx_word' id='word_1_145' title='bbox 173 2937 359 3030; x_wconf 85' lang='lat' dir='ltr'>Pyrenaeos</span> <span class='ocrx_word' id='word_1_146' title='bbox 378 2945 536 3021; x_wconf 87' lang='lat' dir='ltr'>montes,</span> <span class='ocrx_word' id='word_1_147' title='bbox 550 2930 706 3004; x_wconf 84' lang='lat' dir='ltr'>Galliam</span> <span class='ocrx_word' id='word_1_148' title='bbox 728 2930 965 3005; x_wconf 87' lang='lat' dir='ltr'>meridianam</span> <span class='ocrx_word' id='word_1_149' title='bbox 979 2947 1015 3005; x_wconf 87' lang='lat' dir='ltr'>et</span> <span class='ocrx_word' id='word_1_150' title='bbox 1035 2949 1178 3033; x_wconf 87' lang='lat' dir='ltr'>septen·</span> 
     </span>
     <span class='ocr_line' id='line_1_23' title="bbox 173 3056 883 3157; baseline 0 -29"><span class='ocrx_word' id='word_1_151' title='bbox 173 3056 365 3129; x_wconf 87' lang='lat' dir='ltr'>trionalem</span> <span class='ocrx_word' id='word_1_152' title='bbox 380 3062 588 3157; x_wconf 90' lang='lat' dir='ltr'>Hispaniam</span> <span class='ocrx_word' id='word_1_153' title='bbox 605 3071 883 3157; x_wconf 86' lang='lat' dir='ltr'>occupaverant.</span> 
     </span>
    </p>

    <p class='ocr_par' dir='ltr' id='par_1_4' title="bbox 171 3182 1180 3660">
     <span class='ocr_line' id='line_1_24' title="bbox 220 3182 1177 3282; baseline 0.002 -27"><span class='ocrx_word' id='word_1_154' title='bbox 220 3187 424 3278; x_wconf 88' lang='lat' dir='ltr'>Antequam</span> <span class='ocrx_word' id='word_1_155' title='bbox 447 3197 568 3254; x_wconf 91' lang='lat' dir='ltr'>autem</span> <span class='ocrx_word' id='word_1_156' title='bbox 589 3182 767 3281; x_wconf 83' lang='lat' dir='ltr'>Visigothi</span> <span class='ocrx_word' id='word_1_157' title='bbox 793 3186 1002 3282; x_wconf 87' lang='lat' dir='ltr'>Hispaniam</span> <span class='ocrx_word' id='word_1_158' title='bbox 1026 3189 1177 3257; x_wconf 87' lang='lat' dir='ltr'>invasis·</span> 
     </span>
     <span class='ocr_line' id='line_1_25' title="bbox 172 3305 1178 3408; baseline 0.005 -30"><span class='ocrx_word' id='word_1_159' title='bbox 172 3319 265 3401; x_wconf 85' lang='lat' dir='ltr'>sent,</span> <span class='ocrx_word' id='word_1_160' title='bbox 290 3307 364 3404; x_wconf 90' lang='lat' dir='ltr'>jam</span> <span class='ocrx_word' id='word_1_161' title='bbox 387 3311 542 3406; x_wconf 89' lang='lat' dir='ltr'>imperio</span> <span class='ocrx_word' id='word_1_162' title='bbox 565 3307 725 3381; x_wconf 87' lang='lat' dir='ltr'>detracta</span> <span class='ocrx_word' id='word_1_163' title='bbox 741 3307 859 3380; x_wconf 87' lang='lat' dir='ltr'>luerat</span> <span class='ocrx_word' id='word_1_164' title='bbox 875 3305 939 3381; x_wconf 90' lang='lat' dir='ltr'>illa</span> <span class='ocrx_word' id='word_1_165' title='bbox 957 3314 1079 3408; x_wconf 85' lang='lat' dir='ltr'>regio;</span> <span class='ocrx_word' id='word_1_166' title='bbox 1098 3305 1178 3383; x_wconf 91' lang='lat' dir='ltr'>eam</span> 
     </span>
     <span class='ocr_line' id='line_1_26' title="bbox 172 3431 1178 3532; baseline 0.002 -28"><span class='ocrx_word' id='word_1_167' title='bbox 172 3437 269 3505; x_wconf 88' lang='lat' dir='ltr'>enim</span> <span class='ocrx_word' id='word_1_168' title='bbox 297 3431 455 3532; x_wconf 87' lang='lat' dir='ltr'>praedam</span> <span class='ocrx_word' id='word_1_169' title='bbox 481 3432 686 3506; x_wconf 86' lang='lat' dir='ltr'>habuerant</span> <span class='ocrx_word' id='word_1_170' title='bbox 703 3432 823 3524; x_wconf 85' lang='lat' dir='ltr'>Alani,</span> <span class='ocrx_word' id='word_1_171' title='bbox 839 3437 945 3506; x_wconf 85' lang='lat' dir='ltr'>Suevi</span> <span class='ocrx_word' id='word_1_172' title='bbox 970 3449 1006 3506; x_wconf 89' lang='lat' dir='ltr'>et</span> <span class='ocrx_word' id='word_1_173' title='bbox 1021 3433 1178 3508; x_wconf 89' lang='lat' dir='ltr'>Vandali</span> 
     </span>
     <span class='ocr_line' id='line_1_27' title="bbox 171 3556 1180 3660; baseline 0.004 -32"><span class='ocrx_word' id='word_1_174' title='bbox 171 3563 253 3657; x_wconf 89' lang='lat' dir='ltr'>ipsi,</span> <span class='ocrx_word' id='word_1_175' title='bbox 273 3563 337 3656; x_wconf 92' lang='lat' dir='ltr'>qui</span> <span class='ocrx_word' id='word_1_176' title='bbox 365 3564 404 3631; x_wconf 92' lang='lat' dir='ltr'>in</span> <span class='ocrx_word' id='word_1_177' title='bbox 428 3556 585 3633; x_wconf 85' lang='lat' dir='ltr'>Africam</span> <span class='ocrx_word' id='word_1_178' title='bbox 610 3586 631 3632; x_wconf 88' lang='lat' dir='ltr'>a</span> <span class='ocrx_word' id='word_1_179' title='bbox 651 3573 790 3632; x_wconf 91' lang='lat' dir='ltr'>rectore</span> <span class='ocrx_word' id='word_1_180' title='bbox 809 3558 1009 3651; x_wconf 86' lang='lat' dir='ltr'>Bonisacio,</span> <span class='ocrx_word' id='word_1_181' title='bbox 1031 3575 1180 3660; x_wconf 87' lang='lat' dir='ltr'>propter</span> 
     </span>
    </p>
   </div>
   <div class='ocr_carea' id='block_1_3' title="bbox 172 3861 1177 4035">
    <p class='ocr_par' dir='ltr' id='par_1_5' title="bbox 172 3861 1177 4035">
     <span class='ocr_line' id='line_1_28' title="bbox 207 3861 1177 3939; baseline 0.008 -25"><span class='ocrx_word' id='word_1_182' title='bbox 207 3863 244 3928; x_wconf 88' lang='lat' dir='ltr'>(t)</span> <span class='ocrx_word' id='word_1_183' title='bbox 262 3861 351 3935; x_wconf 83' lang='lat' dir='ltr'>Epist.</span> <span class='ocrx_word' id='word_1_184' title='bbox 367 3866 417 3934; x_wconf 83' lang='grc'>96,</span> <span class='ocrx_word' id='word_1_185' title='bbox 437 3881 465 3938; x_wconf 85' lang='lat' dir='ltr'>p.</span> <span class='ocrx_word' id='word_1_186' title='bbox 486 3866 555 3934; x_wconf 78' lang='lat'>783,</span> <span class='ocrx_word' id='word_1_187' title='bbox 576 3863 612 3920; x_wconf 82' lang='lat' dir='ltr'>ad</span> <span class='ocrx_word' id='word_1_188' title='bbox 630 3866 800 3937; x_wconf 78' lang='lat' dir='ltr'>Principiam</span> <span class='ocrx_word' id='word_1_189' title='bbox 817 3865 963 3939; x_wconf 79' lang='lat' dir='ltr'>virpinem.</span> <span class='ocrx_word' id='word_1_190' title='bbox 981 3865 1071 3936; x_wconf 86' lang='lat' dir='ltr'>Paris,</span> <span class='ocrx_word' id='word_1_191' title='bbox 1094 3867 1177 3936; x_wconf 79' lang='lat' dir='ltr'>ttae,</span> 
     </span>
     <span class='ocr_line' id='line_1_29' title="bbox 172 3958 847 4035; baseline 0.013 -19"><span class='ocrx_word' id='word_1_192' title='bbox 172 3958 273 4018; x_wconf 80' lang='lat' dir='ltr'>edition</span> <span class='ocrx_word' id='word_1_193' title='bbox 284 3960 333 4018; x_wconf 84' lang='lat' dir='ltr'>des</span> <span class='ocrx_word' id='word_1_194' title='bbox 346 3962 516 4022; x_wconf 73' lang='lat' dir='ltr'>Benedictus</span> <span class='ocrx_word' id='word_1_195' title='bbox 530 3963 564 4021; x_wconf 89' lang='lat' dir='ltr'>de</span> <span class='ocrx_word' id='word_1_196' title='bbox 577 3963 753 4035; x_wconf 77' lang='lat' dir='ltr'>Sam-Maur,</span> <span class='ocrx_word' id='word_1_197' title='bbox 766 3969 786 4021; x_wconf 90' lang='lat' dir='ltr'>t.</span> <span class='ocrx_word' id='word_1_198' title='bbox 800 3965 847 4025; x_wconf 87' lang='lat' dir='ltr'>1v.</span> 
     </span>
    </p>
   </div>
   <div class='ocr_carea' id='block_1_4' title="bbox 0 0 1376 4776">
    <p class='ocr_par' dir='ltr' id='par_1_6' title="bbox 0 0 1376 4776">
     <span class='ocr_line' id='line_1_30' title="bbox 0 0 1376 4776; baseline 0 0"><span class='ocrx_word' id='word_1_199' title='bbox 0 0 1376 4776; x_wconf 95' lang='lat' dir='ltr'> </span> 
     </span>
    </p>
   </div>
  </div>
 </body>
</html>
