2744 4776
599 376 757 435 ..73-

178 537 258 607 Non
282 537 462 604 irnrnerito
478 531 599 605 forsan
616 551 723 632 poeta
733 541 904 608 victorem
924 536 1043 608 Rheso
1062 551 1096 608 et
1108 541 1177 610 Co·

177 658 253 730 cliti
269 657 495 756 comparabit
513 659 527 753 (
551 657 580 754 ).

226 788 280 856 De
296 783 394 854 bello
416 789 542 856 Getico
562 790 707 855 maximi
731 788 905 855 momenti
925 800 978 855 est
992 783 1183 857 Claudiani

179 933 341 997 carmen,
361 908 460 981 solus
483 915 579 1002 enirn
606 915 832 1003 imperatoris
855 908 1043 1006 lugam‘ad
1061 913 1197 980 Aetam.

182 1034 318 1123 retulit,
341 1049 375 1105 et
399 1032 444 1105 ad
464 1034 575 1129 hujus
594 1035 693 1106 urbis
721 1060 844 1106 muros
863 1034 1045 1106 stiliconis
1070 1039 1183 1107 victo·

180 1163 282 1228 riam.
304 1163 389 1228 Sine
408 1163 651 1231 controversia
665 1159 849 1230 Pollentiae
862 1158 914 1258 (2)
930 1148 1102 1259 pugnam,
1121 1183 1186 1230 cae·

181 1287 265 1355 teris
294 1291 438 1375 certior,
466 1289 639 1372 narravit,
663 1300 698 1356 et
731 1285 776 1358 ad
803 1301 946 1357 caeteros
968 1285 1186 1383 judicandos

181 1407 1183 1496 multumcontulit.SiPauloOrosiofidemadhibemus,

183 1531 368 1604 Pollentiae
382 1559 454 1603 non
472 1533 593 1605 aderat
605 1535 728 1605 Stilico
742 1561 750 1604 z
769 1532 871 1629 quod
885 1533 1033 1629 quidern
1045 1558 1120 1602 nou
1134 1544 1187 1602 est

183 1656 378 1745 credibile;
397 1664 426 1729 si
444 1657 674 1749 Cassiodoro,
689 1664 840 1731 victores
850 1657 1138 1743 fueruntGothi3
1158 1657 1187 1726 si

181 1784 380 1872 Jornandi,
408 1789 489 1855 victi
515 1790 673 1883 primum
695 1782 841 1854 barbari
860 1790 1044 1856 Romanos
1064 1800 1187 1882 postea

181 1914 368 1981 vicerunt:
392 1910 593 1982 Joruandes
616 1925 736 1982 autern
765 1936 839 1981 non
864 1909 936 1981 fide
959 1909 1092 2007 dignus
1114 1926 1183 1999 est,

181 2041 245 2131 qui
267 2041 304 2106 in
325 2036 395 2108 hoc
419 2034 518 2107 bello
531 2035 755 2134 Ataulphum
775 2060 842 2134 pro
860 2034 1002 2107 Alarico
1022 2040 1185 2134 accipiat.

182 2159 316 2233 Paulus
344 2166 496 2233 Orosius
515 2167 697 2233 Romanos
718 2165 843 2234 vicisse
866 2186 941 2265 non
970 2177 1097 2258 negat;
1125 2155 1186 2232 sed

182 2301 265 2384 post
279 2290 478 2376 victoriam,
496 2292 629 2385 iuquit,
651 2293 732 2360 victi
751 2287 920 2375 fueruut3
937 2286 1049 2358 cladis
1065 2301 1184 2357 autem

182 2439 307 2487 causas
332 2431 365 2487 et
385 2421 561 2489 rationem
580 2432 683 2489 tacet.
703 2417 848 2508 Quibus
868 2415 996 2504 dictis,
1015 2413 1184 2486 standum

183 2553 234 2610 est
244 2538 461 2630 Claudiano,
472 2545 550 2637 qui,
567 2545 732 2637 quamvis
743 2539 905 2612 stiliconi
921 2536 1050 2628 faveat,
1066 2537 1187 2610 Alanis

184 2662 458 2760 Alanorumque
479 2661 562 2734 duci
584 2662 727 2734 laudem
748 2667 905 2734 victoriae
921 2660 1062 2732 tribuit.

232 2785 426 2873 Pollentia,
456 2810 537 2882 quae
561 2808 670 2883 supra
698 2789 830 2876 Anam,
858 2799 993 2882 septem
1024 2782 1080 2854 vel
1104 2799 1188 2855 octo

185 2912 298 2986 leucis
316 2916 525 3011 interjectis,
547 2918 663 3012 posita
680 2929 747 3005 cst,
765 2937 877 3012 quam
897 2936 981 2984 vero
1000 2916 1093 2982 Astae
1105 2935 1191 3008 pro·

186 3043 323 3136 piorem
338 3038 426 3109 dicit
440 3036 675 3125 Claudianus,
691 3038 827 3127 relicta,
844 3042 959 3108 victus
975 3034 1136 3106 Alaricus
1152 3038 1189 3103 in

184 3162 324 3235 Italiam
349 3161 548 3251 descendit,
570 3178 605 3234 ct
623 3162 667 3234 ad
683 3165 895 3261 Apenninos
913 3167 1021 3234 etiam
1047 3175 1188 3232 montes

185 3287 334 3360 accedit.
369 3287 536 3359 Praelium
564 3302 686 3387 autern
713 3286 829 3358 eludit
858 3287 993 3378 Stilico,
1032 3292 1190 3383 sinitque

186 3409 361 3483 barbaros
376 3410 532 3483 defessos
548 3409 655 3509 Alpes
667 3426 798 3509 petere.
818 3410 887 3484 Sed
901 3435 1016 3507 quum
1027 3408 1190 3480 Alaricus

186 3535 307 3609 foedus
326 3562 400 3607 nou
416 3543 620 3628 servaverit,
637 3537 738 3609 hunc
752 3543 870 3609 statim
886 3559 1000 3635 prope
1009 3510 1190 3607 Veronam

186 3661 310 3736 Stilico
359 3668 577 3750 insectatur,
614 3686 810 3761 pugnaque
846 3660 1051 3733 felicissima
1079 3663 1191 3730 vincit

223 3952 261 4025 (l)
279 3950 318 4005 De
328 3947 402 4004 Bello
415 3948 516 4016 Getico,
530 3965 555 4003 v.
570 3947 634 4002 635.

223 4050 258 4126 li]
279 4050 317 4107 De
328 4049 412 4106 Scato
426 4047 577 4116 consulatu,
590 4064 617 4105 v.
629 4050 692 4105 202.
