2744 4776
575 281 733 340 „50-

206 437 483 510 Arcessebantur
496 462 537 511 ex
548 443 742 511 Germania
750 443 997 538 Sarmatiaque
1009 443 1170 518 auxilia·

155 587 211 634 res
230 569 357 662 copioe3
374 588 489 660 qutun
507 568 604 635 enim
621 562 758 636 bellum
778 562 1009 638 dedidicisset
1027 569 1168 660 Roma,

156 684 331 758 barbaros
348 685 589 778 conducebat,
611 691 676 784 qui
695 703 909 786 pugnarent.

206 809 296 882 Inde
312 810 353 883 fit
368 827 421 901 ut,
439 811 547 884 rebus
565 817 706 885 cunctis
726 817 845 885 mixtis
868 829 904 886 et
923 815 1166 915 perturbatis,

156 943 270 1009 Roma
287 961 351 1009 nec
367 953 476 1035 regat,
490 962 556 1009 nec
571 937 749 1011 mandatis
761 943 836 1010 suis
848 955 1013 1037 parentes
1027 940 1168 1014 habeat

158 1062 288 1134 milites
307 1087 404 1144 suos,
428 1067 492 1159 qui
507 1061 598 1132 nihil
618 1078 744 1161 egunt,
767 1068 835 1134 nisi
855 1088 897 1136 ex
913 1065 1016 1161 jussu
1036 1063 1165 1157 ducis;

159 1189 245 1259 inde
277 1186 318 1258 fit
355 1202 395 1258 ut
426 1184 540 1258 multa
571 1192 693 1260 timeat
729 1193 888 1262 moriens
917 1189 1164 1264 Theodosius.

161 1311 428 1385 Occidentalem
440 1311 588 1410 quidem
604 1319 800 1387 exercitum
819 1319 1001 1388 continuit
1015 1317 1163 1407 stilico;

161 1443 336 1510 exercitus
363 1462 447 1510 veto
477 1438 662 1511 orientalis
686 1464 759 1511 non
785 1441 933 1536 majoris
962 1447 1068 1541 pretii
1096 1441 1170 1516 fuit

161 1587 271 1659 quam
293 1568 405 1660 ipsius
419 1561 558 1658 duces(
582 1564 612 1659 ).

209 1691 251 1759 Iu
265 1685 473 1772 Occidente,
488 1692 538 1758 ait
550 1685 788 1778 Claudianus,
803 1687 980 1763 fidissimo
997 1691 1103 1764 militi
1115 1710 1172 1767 est

163 1811 323 1884 validum
356 1811 483 1898 robur,
514 1825 567 1884 est
598 1816 826 1912 imperatoris
859 1838 984 1907 amor3
1018 1820 1098 1915 ipso
1128 1796 1171 1888 in

163 1938 266 2010 vultu
294 1943 405 2036 spirat
430 1941 534 2036 quasi
566 1941 736 2036 impressa
768 1934 960 2011 fortitudo.
994 1942 1174 2013 Recenset

164 2079 272 2164 poeta
288 2063 466 2162 legionem
486 2062 533 2134 ab
552 2067 714 2159 Augusto
737 2062 888 2151 dictam,
920 2089 1175 2168 «nomenque

165 2189 361 2288 probantes
380 2193 549 2278 Invictos,
565 2187 767 2288 clypeoque
786 2193 972 2268 animosos
988 2205 1076 2264 teste
1090 2193 1173 2265 leo-

166 2339 230 2386 nes
243 2312 308 2410 (2).
331 2343 348 2378 2>

215 2439 281 2511 Sed
302 2464 412 2536 quam
430 2441 486 2509 sui
504 2435 686 2510 dissimilis
708 2452 761 2509 est
782 2441 820 2509 in
839 2437 988 2513 diversis
1007 2440 1176 2541 partibus

167 2563 227 2635 ille
248 2564 480 2636 occidentalis
496 2569 684 2653 exercitus,
701 2578 756 2636 tot
773 2588 815 2636 ex
826 2566 972 2665 populis
984 2583 1174 2660 constans,

171 2693 350 2775 Sarmatis,
365 2687 580 2777 Gelonibus,
597 2687 719 2759 Alanis
726 2693 788 2795 ,in
801 2714 877 2787 quo
891 2715 973 2762 cum
988 2695 1076 2764 Asiae
1088 2716 1175 2789 gen·

172 2815 270 2887 tibus
286 2821 436 2914 Europae
454 2827 576 2910 gentes
593 2818 710 2884 mixtae
727 2830 938 2886 occurrunt.

318 3021 499 3038 .......
518 2977 609 3036 Minis
620 2978 665 3035 hic
675 2978 789 3036 Colchus
803 2979 898 3049 Iberis,

315 3079 364 3135 Hic
377 3079 458 3134 mitra
473 3076 576 3132 volatus
588 3076 685 3146 Arabs,
696 3075 741 3133 hic
754 3076 827 3133 crine
837 3077 934 3132 decoro

229 3210 231 3214 »
317 3176 459 3231 Armenius
468 3193 474 3245 3
484 3175 528 3230 hic
541 3175 611 3247 picta
620 3175 711 3246 Saces,
723 3174 864 3246 lucauque
873 3173 977 3242 Medus,

317 3275 366 3330 llio
374 3279 506 3344 gemmata
518 3273 594 3344 niger
606 3272 721 3328 tentoria
736 3270 829 3328 fixerat
840 3272 938 3342 ludus;

316 3373 366 3428 Hie
377 3371 497 3428 Rhodani
508 3386 619 3443 procera
628 3369 732 3440 cohors,
746 3369 791 3426 hic
802 3369 878 3427 miles
893 3369 1017 3427 alumnus
1094 3423 1096 3427 ,

320 3471 420 3528 Oceani
425 3508 579 3527 ......
600 3470 647 3536 (3).
770 3478 773 3483 ’

211 3655 232 3718 (l
241 3683 247 3715 Ι
267 3652 303 3706 lie
317 3651 390 3706 Bello
404 3648 556 3718 Gildonico,
570 3663 596 3702 v.
617 3649 669 3701 ⁶286
685 3651 783 3717 etseq.
798 3646 872 3701 -eln
890 3645 1066 3719 Eutropium,-
1076 3645 1124 3704 lib.
1142 3647 1179 3720 ll,

179 3769 185 3782 '
198 3795 202 3806 .
220 3753 270 3806 376
281 3757 308 3806 et
321 3767 351 3805 se
373 3791 379 3805 .

182 3769 193 3808 l
212 3853 249 3921 (i)
269 3767 411 3922 Dequdrto
424 3846 575 3913 consulatu,
588 3861 616 3899 v.
630 3845 690 3900 lid.
702 3841 785 3896 -lle
799 3839 873 3896 Bello
885 3839 1038 3915 Gildonico,
1053 3858 1080 3914 v,
1096 3842 1160 3901 622.

214 3952 249 4020 [3)
271 3949 308 4002 lle
319 3947 454 4005 Loudilos
464 3944 613 4012 stiliconis,
628 3940 673 3995 lib.
690 3940 711 4010 1,
727 3955 754 3996 v.
770 3942 859 3996 latet
871 3955 930 4016 seq.
