2744 4776
594 319 735 376 ..9-

162 484 306 578 integro
326 477 422 552 idem
448 477 532 550 libri
555 483 673 578 capite
684 483 845 579 episcopi
860 480 1050 577 cujusdam
1073 508 1170 557 mor·

160 622 232 678 tem
260 609 551 701 successorisque
575 608 727 677 loannis
752 602 1019 679 ordinationem
1049 632 1171 683 narra·

161 745 263 802 turus
285 731 298 826 (
324 729 352 824 l.
1108 728 1113 737 ’

208 860 290 928 Non
323 855 413 946 alia,
448 879 514 926 nec
541 854 645 927 aliter
677 855 803 928 scribit
829 862 1057 951 sozomenes,
1087 868 1166 959 qui,

70 1016 72 1018 ’
160 987 303 1054 Socrate
320 985 511 1070 recentior,
528 981 606 1076 ejus
618 980 875 1054 tantummodo
888 988 1033 1082 vestigia
1048 992 1169 1084 sequi·

160 1121 231 1178 tur.
272 1112 446 1182 Dicturus
475 1110 573 1176 enim
600 1103 646 1176 de
668 1104 860 1199 Stilicone,
893 1133 978 1181 eum
1012 1109 1168 1184 militum

160 1237 301 1304 animos
317 1231 386 1304 sihi
401 1231 605 1302 firmissime
618 1230 819 1304 devinxisse
834 1247 1010 1305 testatur:
1030 1266 1046 1301 u
1067 1239 1169 1308 Occi-

73 1392 75 1397 ·
160 1356 305 1429 dentem
336 1362 373 1428 in
401 1361 587 1428 Orientem
614 1356 759 1456 impulit
786 1357 922 1440 Stilico,
950 1359 1042 1430 nihil
1067 1359 1167 1434 aliud

160 1508 337 1581 quaerens,
358 1507 469 1582 quarn
484 1484 525 1554 ut
539 1488 795 1582 imperatorem
807 1499 842 1556 et
854 1488 1048 1584 imperium
1068 1511 1167 1585 rege·

161 1623 225 1680 ret.
244 1614 375 1709 Copias
390 1614 427 1680 in
442 1613 595 1707 ‘Epirum
611 1606 732 1699 duxit;
750 1634 835 1681 eum
847 1615 1002 1682 Houorii
1017 1613 1170 1710 epistola

160 1739 396 1807 revocavit..‚.
416 1766 430 1799 ι)
446 1737 564 1824 Quam
578 1733 698 1805 brevis
711 1732 778 1806 est!
796 1738 961 1825 Quantos
976 1738 1013 1805 in
1031 1761 1169 1807 errores

160 1858 302 1932 incidit!
315 1845 440 1932 Potior
450 1884 535 1932 sane
546 1864 722 1931 Zosimus.
737 1859 931 1932 Ecclesiam
941 1859 1056 1933 solam
1067 1875 1170 1934 curat

158 1991 389 2075 Sozomenes5
407 2008 537 2084 nempe
549 1984 859 2056 duaslnnocentis
869 1991 974 2084 Papae
984 1986 1166 2086 epistolas,

158 2111 306 2183 alteram
327 2111 373 2182 ad
397 2117 573 2182 Joannem
600 2109 913 2207 Chrysostomum,
944 2089 1093 2182 alteram
1120 2109 1167 2182 ad

159 2234 496 2335 Constantinopolis
519 2235 682 2326 clericos,
704 2260 779 2306 non
796 2206 931 2307 omisso
947 2260 1025 2306 uno
1039 2234 1166 2328 verbo,

161 2359 384 2456 perscribit(
409 2361 438 2456 l.

206 2490 290 2557 Non
307 2484 471 2557 eamdem
485 2489 580 2555 viam
599 2486 777 2581 ingressus
799 2498 851 2556 est
869 2485 962 2556 alius
981 2485 1167 2559 ecclesias·

159 2613 251 2684 ticus
279 2624 421 2698 auctor,
449 2613 598 2681 Latinus
630 2607 801 2705 quidem,
835 2608 970 2704 Paulus
1000 2615 1165 2701 Orosius,

159 2737 264 2832 cnjus
280 2735 444 2821 historia,
455 2734 575 2834 ipsum
591 2733 691 2805 orbis
703 2737 922 2833 principium
940 2750 1116 2832 repetens,
1132 2751 1168 2809 et

158 2858 277 2931 adivo
296 2864 500 2958 Augustino
516 2857 674 2950 laudata,
702 2881 829 2956 magna
846 2857 916 2929 sibi
937 2864 1168 2958 proposuisse

157 2983 314 3056 videtur.
339 2990 455 3057 Deum
482 2989 578 3055 enim
598 2989 718 3084 ipsum
739 2989 872 3086 nostris
890 2983 1007 3057 oculis
1022 2983 1164 3082 objicit,

157 3112 263 3207 cujus
276 3125 371 3182 nutu
386 3094 509 3182 omniu
527 3107 780 3207 impelluntur,
803 3109 908 3205 cujus
926 3109 1079 3206 gloriam
1094 3095 1164 3182 tes·

157 3250 282 3307 tantur
295 3239 443 3335 imperia
463 3249 498 3306 et
509 3249 614 3306 aucta
626 3248 661 3305 et
677 3237 908 3333 precipitata.
923 3238 997 3308 Nec
1011 3234 1110 3308 aliud
1127 3241 1164 3307 in

156 3360 338 3434 narranda
355 3361 506 3432 historia
526 3365 697 3459 spectavit
716 3374 839 3432 noster
856 3354 1073 3433 Bossuetius.
1096 3359 1165 3434 Sed

64 3500 67 3505 “
156 3470 271 3585 quam>
285 3486 394 3559 distat
419 3513 440 3558 a
464 3490 659 3558 novissimo
687 3484 752 3556 illo
770 3485 937 3558 Ecclesiae
962 3491 1067 3558 Patre
1091 3488 1164 3559 divi

155 3615 345 3712 Augustini
364 3608 582 3711 discipulus!
610 3616 708 3684 Dum
730 3613 826 3684 enim
850 3609 1020 3711 pluribus
1042 3609 1163 3682 verbis

191 3918 228 3981 (t)
247 3915 305 3971 Lib.
320 3915 366 3983 VI,
382 3931 407 3971 c.
418 3919 435 3972 9.
446 3920 473 3972 et
485 3921 511 3970 3.
531 3915 727 3987 cantabrigiae,
743 3917 821 3973 4720.

191 4016 229 4083 (2)
246 4013 305 4070 Lib.
319 4013 392 4086 Vlll,
408 4029 433 4076 c,
448 4017 482 4072 25
493 4019 520 4072 et
536 4017 580 4074 28.
602 4013 794 4086 Cantabrigiae,
809 4015 888 4071 4720.
