2744 4776
601 313 760 385 -rsff

181 473 313 558 mirati,
333 493 398 542 nec
421 471 803 542 constituendosnovo
834 477 986 569 imperio
1016 492 1118 572 pares
1147 501 1183 547 se

181 593 361 682 arbitrati,
384 587 535 665 Romam
555 593 726 665 utendam
754 589 1040 694 servandamque
1064 625 1183 670 susce-

181 734 335 819 perunt3
356 743 446 816 quas
462 735 578 818 partes
597 727 668 818 egit
683 720 898 819 ataulphus,
914 723 1044 796 Alarici
1061 722 1093 794 ir
1086 740 1181 796 ater

182 842 345 947 Fuerunt
373 839 433 914 alii
461 844 741 952 (Theodoricum
760 840 857 942 dico)
873 849 937 943 qui
957 822 1108 920 Romam
1128 874 1186 922 ce·

183 942 329 1067 pertint,
346 959 441 1039 nihil
457 964 556 1040 aliud
577 979 777 1066 quaerentes
796 995 906 1069 quam
922 987 961 1042 nt
981 973 1057 1067 ejus
1073 978 1185 1072 impe

184 1092 280 1163 rium
298 1091 553 1184 instaurarent.
568 1089 675 1184 Quod
692 1069 901 1186 consilium,
915 1079 1044 1194 elapsis
1065 1092 1187 1168 multis
1211 1184 1218 1201 .

183 1210 360 1306 aetatibus,
382 1242 403 1289 a
425 1212 666 1290 barbarorum
680 1227 805 1290 'mente
825 1245 900 1291 non
921 1220 1082 1320 elapsum
1109 1237 1182 1306 est3

186 1333 277 1440 illud
298 1344 395 1413 e'nim
421 1341 573 1440 integrat
593 1338 744 1415 Carolus
767 1354 921 1443 magnus
944 1359 978 1416 et
1008 1341 1185 1447 absolvit,

185 1466 481 1563 Francorumque
509 1490 568 1538 rex
601 1467 833 1564 imperatorio
860 1448 1075 1559 diademate,
1107 1471 1188 1567 gra-

185 1596 330 1662 vissimo
345 1591 512 1688 quidem,
534 1591 690 1663 irontem
713 1571 814 1665 suam
834 1594 965 1684 cinxit,
987 1590 1092 1691 cujus
1119 1592 1187 1667 snb

186 1717 350 1814 pondere
365 1716 493 1790 defessi
514 1716 580 1788 iiiii
597 1718 885 1817 procubuerunt.

234 1841 432 1933 Quomodo
450 1842 559 1942 igitur
573 1837 795 1916 Claudianus
814 1846 976 1915 Romana
1010 1851 1188 1942 maguitu-

186 1967 272 2039 diue
288 1994 363 2039 non
389 1983 510 2039 motus
529 1963 668 2058 fuisset,
688 1987 768 2071 quae
792 1970 888 2067 ipsos
912 1966 1087 2041 barbaros
1115 1997 1188 2041 uon

186 2091 359 2164 fallebat?
373 2093 666 2166 Recensebantur
681 2099 787 2165 etiam
804 2109 881 2183 tum
894 2100 929 2164 in
944 2099 1096 2193 imperio
1109 2095 1190 2167 dum

186 2215 418 2315 praeiecturru,
436 2233 569 2316 septem
589 2217 760 2305 dioceses,
783 2231 918 2317 septem
945 2234 980 2289 et
1005 2225 1189 2316 quinqua·

187 2347 284 2438 ginta
304 2343 518 2440 provineiae3
545 2337 783 2414 occidentalia
811 2348 918 2414 maris
938 2342 1189 2415 Mediterranei

186 2466 307 2537 littora
326 2466 636 2564 complectebatur
651 2466 804 2537 Honorii
826 2465 1041 2538 dominatio
1067 2474 1190 2540 Fortes

188 2590 326 2684 incolas
350 2589 536 2665 habebant
563 2605 720 2678 montes,
753 2616 847 2689 quos
871 2591 957 2662 mali
979 2618 1096 2664 mores
1114 2619 1188 2674 non

188 2713 379 2812 fregerant,
395 2715 486 2787 adeo
505 2715 652 2805 multos,
679 2731 720 2786 ut
744 2715 903 2813 legiones
927 2722 1072 2814 integrae
1091 2724 1191 2789 exiis

188 2853 407 2913 constarent.
448 2839 620 2928 Massilia,
658 2845 878 2912 commercio
913 2818 1020 2912 maris
1052 2848 1188 2939 regina,

177 2957 297 3086 ‚quam
318 2962 431 3041 Roma
457 2989 565 3064 supra
592 2965 844 3062 Carthaginem
873 2966 1061 3055 extulerat,
1083 2963 1191 3040 naves

180 3093 396 3178 innumeras
419 3084 578 3160 insnum
595 3105 741 3187 portum
767 3089 992 3191 admittebat.

236 3220 298 3291 His
327 3230 446 3286 autem
479 3213 602 3302 dictis,
632 3241 707 3286 non
735 3229 853 3286 tamen
882 3215 1055 3288 omnibus
1078 3177 1190 3290 Clau·

187 3338 286 3411 diani
318 3334 491 3411 laudibus
513 3338 721 3413 adhibenda
749 3338 854 3441 fides,
883 3363 949 3411 nec
967 3340 1190 3413 credendum

187 3464 263 3536 haec
294 3462 530 3556 exclamanti:

334 3727 340 3740 .
363 3725 370 3739 .
391 3724 399 3741 .
422 3725 429 3739 .
448 3698 499 3739 nec
513 3683 584 3739 enim
596 3697 709 3754 campus
727 3681 853 3740 solemnis
866 3685 893 3738 et
911 3697 978 3737 uma

332 3783 449 3839 inditur.
457 3782 485 3838 ln
501 3797 604 3837 morem
616 3799 623 3836 :
639 3781 745 3852 species
757 3794 807 3837 neo
818 3780 927 3839 dissona
938 3784 1025 3850 coeiu,

332 3881 387 3935 Aut
400 3879 540 3952 peregrina
554 3879 622 3934 nitet
632 3877 749 3934 simulati
761 3878 830 3949 juris
843 3877 943 3948 imago.

333 3978 476 4049 indigenas
484 3976 593 4034 habitus
604 3976 695 4033 nativa
705 3975 804 4051 palatia
817 3979 942 4046 sumunt,
