2744 4776
293 524 367 580 Tunc
379 524 445 596 Ajax
457 530 516 580 erat
529 523 660 596 Eutropii,
671 525 777 596 iateque
793 524 924 579 tremebat
1024 565 1026 569 .

293 622 351 678 Non
362 629 466 694 septem
477 628 553 676 vasto
566 623 692 693 quatiens
705 623 822 678 umbone
832 626 976 695 juvencos,
992 678 998 688 .

295 719 360 789 Sed,·
370 735 451 791 quam
464 719 601 791 perpetuis
613 719 727 792 dapibus
741 720 871 793 pigroque
884 720 960 778 sedili

295 819 367 874 Inter
382 833 448 874 anus
461 818 584 888 interque
596 817 667 875 colos
679 823 847 888 oneraverat,
861 818 951 874 alvum
965 822 975 886 (
994 825 1013 888 t.

210 1005 275 1071 Hic
303 1004 376 1070 Leo
400 1004 436 1069 in
462 997 702 1095 Ostrogothos
729 996 931 1069 vincendos
955 997 1156 1096 profectus,

156 1134 191 1198 in
211 1140 376 1220 stagnum
390 1120 575 1218 quoddam
594 1119 737 1210 cecidit,
750 1135 785 1192 et
800 1136 935 1194 terrore
954 1127 1155 1220 exspiravit.

204 1251 293 1338 Quae
308 1245 456 1345 quidem
475 1251 598 1317 omnia
618 1271 636 1316 a
657 1244 859 1318 Claudiano
880 1246 959 1317 solo
980 1247 1086 1319 allata
1103 1273 1158 1320 re·

157 1373 331 1470 dargnere
345 1396 419 1443 non
441 1396 655 1469 possumus3
673 1369 732 1441 sed
753 1369 842 1441 nihil
861 1369 982 1442 obstat
996 1377 1084 1470 quio
1101 1373 1161 1444 illa

157 1522 239 1570 vera
262 1497 479 1587 habeamus3
497 1522 580 1569 cum
596 1499 729 1567 caeteris
744 1501 855 1585 enim,
872 1523 952 1594 quae
972 1497 1069 1596 apud
1086 1497 1160 1568 his-

158 1632 312 1699 toricum
343 1625 535 1721 leguntur,
562 1638 647 1693 suut
680 1637 944 1710 consentanea3
971 1648 1013 1694 ea
1042 1638 1162 1695 autem

159 1777 235 1823 non
248 1755 435 1850 potuimus
449 1773 525 1819 non
541 1746 692 1837 referre,
713 1754 889 1843 quoniam
907 1754 1164 1820 Constantino·

159 1874 254 1974 polis
270 1881 383 1974 ipsius
397 1879 575 1971 nosquasi
593 1888 697 1944 testes
716 1888 750 1946 et
765 1872 902 1944 incolas
915 1872 1065 1944 faciunt.
1079 1879 1165 1945 Dies

160 1998 471 2095 eritquaRufinos
484 2024 570 2069 suos
584 2013 617 2069 et
627 2003 822 2096 Eutropios
838 2003 914 2094 ipsa
926 2003 1042 2070 Roma
1053 2000 1162 2071 habe·

160 2125 230 2212 bit;
248 2150 322 2196 non
340 2124 457 2196 multo
470 2123 597 2196 melior
615 2123 815 2221 Olympius.
834 2127 928 2196 Num
943 2149 1027 2196 vero
1042 2124 1165 2222 Olym·

162 2255 263 2348 pium
296 2244 493 2348 vigentem,
530 2249 739 2321 stiliconem
771 2265 891 2321 autem
925 2251 1059 2348 opibus
1093 2257 1166 2321 suis

163 2375 343 2470 dejectum
367 2371 664 2467 trucidatumque
679 2370 767 2442 vidit
784 2373 1033 2445 Claudianus?
1052 2375 1168 2444 Nesci·

165 2526 258 2572 mus.
282 2505 386 2573 Certe
408 2502 437 2569 si
465 2512 547 2593 post
575 2520 715 2568 annum
743 2497 922 2582 dossvixit
945 2512 1075 2595 poeta,
1104 2498 1168 2572 illa
1194 2498 1195 2503 ’

165 2638 296 2697 cuncta
317 2648 398 2721 quae
421 2629 459 2692 in
482 2626 629 2692 Oriente
651 2620 881 2690 vehementer
905 2636 1113 2708 notaverat,
1131 2629 1167 2691 in

166 2744 363 2818 Occidente
375 2749 586 2844 conspexit;
607 2730 671 2814 nec
688 2742 763 2837 jam
782 2747 814 2812 ei
828 2743 1064 2815 scribendum
1080 2743 1168 2832 suit,

167 2875 236 2941 nisi
253 2874 398 2941 mutatis
417 2875 454 2939 in
471 2874 596 2941 satiras
611 2871 848 2966 panegyricis.

216 2992 533 3090 Constantinopoli
561 3008 682 3063 autem
703 2990 849 3105 lparbari
875 2999 1029 3065 victores
1060 2996 1170 3065 exitio

168 3118 316 3190 fuerumt
352 3124 552 3216 Eutropi03
589 3116 691 3215 quod
719 3094 868 3221 quidem
902 3126 1050 3192 exitium
1088 3120 1173 3192 divo

169 3247 300 3313 ioanni
313 3242 576 3339 Chrysostomo
588 3246 729 3312 occasio
746 3239 814 3314 luit
827 3241 917 3314 duas
929 3242 1169 3340 homilias(2),

171 3371 326 3464 optimas
350 3391 435 3438 sane
470 3381 504 3437 et
539 3363 804 3452 nobilissimas,
827 3365 1101 3464 pronuntiandi.
1130 3371 1174 3440 In

170 3491 380 3578 Ecclesiam,
399 3513 617 3587 quamsaepe
641 3488 875 3579 lacessiverat,
892 3489 1031 3588 aufugit
1055 3505 1173 3562 tamen

208 3749 245 3822 (4)
264 3749 297 3804 In
306 3747 481 3819 Eutropium,
492 3744 540 3800 lib.
552 3744 584 3813 tl,
601 3760 625 3799 v.
642 3745 702 3798 376.

210 3847 245 3919 (t)
265 3846 354 3902 Sancti
371 3845 457 3919 patris
472 3843 555 3900 nostri
565 3842 674 3898 ioannis
688 3828 877 3915 chrysostomi,
892 3844 1086 3919 archiepiscopi
1101 3857 1177 3900 cons·

173 3945 387 4017 tantinopolitani
402 3960 484 4018 opera
495 3941 584 4000 omnia
600 3955 662 4013 quae
678 3948 785 3997 exstant
795 3942 838 3998 vel
850 3960 913 4018 quae
926 3947 984 4017 ejus
1001 3943 1109 4000 nomine
1125 3942 1176 3999 eir·

174 4043 370 4103 conteruntur.
385 4039 505 4109 Parisiis,
522 4039 602 4105 4734,
616 4043 636 4097 4.
654 4037 701 4106 Ill,
715 4054 743 4111 p.
760 4041 822 4096 379.

1058 4141 1075 4193 ὃ
