2744 4776
603 309 761 371 ...50-

127 560 131 567 1
186 477 241 544 rio
257 473 422 570 jubente,
443 477 559 571 capite
575 471 768 544 damnatus
783 473 857 545 est?
880 475 1102 575 iampridem
1125 477 1192 552 be·

185 596 398 670 ueficiorum
412 601 640 669 immemores
654 612 754 669 erant
770 603 1022 698 imperatores,
1040 618 1075 675 et
1090 610 1192 704 igna-

183 748 250 795 vus
274 726 472 812 Honorius,
500 726 650 794 Romam
682 738 716 794 et
746 729 901 822 seipsum
935 725 1091 816 oblitus,
1129 745 1190 802 tn·

184 862 298 921 torem
321 871 562 946 socerumque
580 874 688 920 suum
707 854 906 949 contempti
931 851 1091 951 Olympii
1129 860 1192 927 irie

182 987 217 1043 et
234 971 365 1044 ultioni
384 973 616 1045 condonavit.
988 977 992 982 ’

230 1097 338 1188 Quod
356 1097 747 1188 seriusValentiniano,
760 1104 825 1196 qui
845 1104 986 1172 Aetium
1004 1117 1184 1176 mactave-

180 1238 247 1312 rat,
267 1222 451 1321 respondit
466 1238 610 1295 senator
624 1222 786 1321 quidam,
802 1229 969 1296 Honorio
982 1225 1181 1301 dicendum

180 1362 281 1419 erat:
313 1353 430 1445 «Agis
452 1365 491 1420 nt
510 1349 622 1421 homo
645 1355 709 1446 qui
737 1353 878 1421 sinistra
900 1349 1085 1425 dexteram
1108 1376 1185 1425 ma·

185 1501 201 1537 v
231 1497 319 1544 num
338 1487 446 1545 secat.
480 1505 496 1539 »
847 1471 853 1485 '

229 1595 338 1667 Illum
356 1613 476 1668 autem
507 1597 736 1683 stiliconem,
764 1601 867 1694 quasi
893 1598 1076 1672 dexteram
1107 1607 1184 1674 Ho-

180 1727 274 1792 norii
293 1745 454 1812 manum,
480 1728 550 1794 uisi
575 1735 800 1818 superessent
823 1722 1014 1800 Claudiani
1036 1731 1183 1825 scripta,

179 1847 433 1919 tantummodo
468 1872 530 1946 per
563 1853 738 1935 Socratis,
776 1852 985 1921 Sozomenis
1020 1864 1056 1920 ot
1082 1851 1186 1924 Pauli

180 1977 297 2044 Orosii
313 1972 564 2062 contumelias,
574 1989 608 2045 et
623 1998 763 2044 veraces
778 1971 916 2064 forsan,
929 1972 989 2045 sed
1002 1973 1187 2051 breviores

179 2101 311 2169 Zosimi
332 2105 557 2171 narrationes
576 2114 704 2171 notum
719 2097 949 2171 haberemus.
972 2104 1078 2190 Eum,
1096 2127 1186 2198 qua-

181 2219 225 2291 lis
245 2236 334 2312 erat,
354 2221 496 2293 effinxit
515 2238 622 2322 poeta
641 2222 785 2312 ducem,
810 2248 920 2321 quem
940 2229 1006 2323 ipsi
1030 2224 1187 2301 fatemur

180 2347 281 2438 doli,
321 2348 561 2439 crudelitatis,
602 2355 756 2422 avaritiae
793 2355 953 2422 accusari
997 2355 1182 2450 potuisse,

181 2497 311 2572 nempe
340 2473 559 2564 barbarum3
593 2489 750 2547 attamen
772 2475 920 2574 ,probus
951 2491 1050 2566 erat;
1085 2500 1183 2549 nun-

180 2622 314 2694 quam,
346 2604 396 2670 ait
420 2603 601 2685 Zosimus,
636 2599 767 2671 milites
795 2598 1005 2698 stipendiis,
1034 2606 1182 2697 congia-

102 2757 104 2762 ·
181 2728 254 2808 riis,
273 2722 451 2795 donativis
465 2722 656 2796 fraudavit.
674 2729 738 2795 Vir
752 2724 813 2796 ille
828 2749 993 2822 maguus,
1019 2731 1185 2823 quamvis

180 2847 368 2939 barbarus,
396 2848 504 2920 rebus
530 2854 756 2948 imperatoris
787 2855 923 2948 optime
943 2855 1061 2946 gestis,
1087 2856 1183 2923 victo

180 2972 316 3064 Alari0,
331 2991 466 3047 servata
482 2967 597 3064 ltalia,
616 2980 808 3074 imperium
827 2991 861 3048 et
875 2980 1017 3074 imperii
1032 2983 1181 3075 provin-

180 3105 252 3170 cias
270 3093 403 3171 resecit.
1211 3099 1216 3106 ’
