<?xml version="1.0" encoding="UTF-8"?>
<!DOCTYPE html PUBLIC "-//W3C//DTD XHTML 1.0 Transitional//EN"
    "http://www.w3.org/TR/xhtml1/DTD/xhtml1-transitional.dtd">
<html xmlns="http://www.w3.org/1999/xhtml" xml:lang="en" lang="en">
 <head>
  <title>
</title>
<meta http-equiv="Content-Type" content="text/html;charset=utf-8" />
  <meta name='ocr-system' content='tesseract 3.04.00' />
  <meta name='ocr-capabilities' content='ocr_page ocr_carea ocr_par ocr_line ocrx_word'/>
</head>
<body>
  <div class='ocr_page' id='page_1' title='image "./quidadhistoriam00chotgoog_0031.png"; bbox 0 0 2744 4776; ppageno 0'>
   <div class='ocr_carea' id='block_1_1' title="bbox 611 292 771 351">
    <p class='ocr_par' dir='ltr' id='par_1_1' title="bbox 611 292 771 351">
     <span class='ocr_line' id='line_1_1' title="bbox 611 292 771 351; baseline -0.006 -15"><span class='ocrx_word' id='word_1_1' title='bbox 611 292 771 351; x_wconf 76' lang='lat'><strong>..20-</strong></span> 
     </span>
    </p>
   </div>
   <div class='ocr_carea' id='block_1_2' title="bbox 179 446 1208 3542">
    <p class='ocr_par' dir='ltr' id='par_1_2' title="bbox 183 446 1200 1645">
     <span class='ocr_line' id='line_1_2' title="bbox 193 446 1197 548; baseline 0.006 -30"><span class='ocrx_word' id='word_1_2' title='bbox 193 447 376 520; x_wconf 88' lang='lat' dir='ltr'>Christum</span> <span class='ocrx_word' id='word_1_3' title='bbox 394 447 516 520; x_wconf 89' lang='lat' dir='ltr'>seculo</span> <span class='ocrx_word' id='word_1_4' title='bbox 537 446 849 548; x_wconf 87' lang='lat' dir='ltr'>splendidissimae,</span> <span class='ocrx_word' id='word_1_5' title='bbox 870 447 1062 522; x_wconf 89' lang='lat' dir='ltr'>Claudiani</span> <span class='ocrx_word' id='word_1_6' title='bbox 1089 456 1197 524; x_wconf 88' lang='lat' dir='ltr'>etiam</span> 
     </span>
     <span class='ocr_line' id='line_1_3' title="bbox 192 572 1200 649; baseline 0.003 -4"><span class='ocrx_word' id='word_1_7' title='bbox 192 588 293 646; x_wconf 85' lang='lat' dir='ltr'>aetate</span> <span class='ocrx_word' id='word_1_8' title='bbox 322 573 564 646; x_wconf 86' lang='lat' dir='ltr'>celeberrimae</span> <span class='ocrx_word' id='word_1_9' title='bbox 597 589 708 645; x_wconf 87' lang='lat' dir='ltr'>erant.</span> <span class='ocrx_word' id='word_1_10' title='bbox 737 578 803 646; x_wconf 87' lang='lat' dir='ltr'>Hic</span> <span class='ocrx_word' id='word_1_11' title='bbox 832 572 982 647; x_wconf 90' lang='lat' dir='ltr'>aderant</span> <span class='ocrx_word' id='word_1_12' title='bbox 1012 573 1200 649; x_wconf 79' lang='lat' dir='ltr'><strong>auditores</strong></span> 
     </span>
     <span class='ocr_line' id='line_1_4' title="bbox 190 687 1196 798; baseline 0.004 -29"><span class='ocrx_word' id='word_1_13' title='bbox 190 697 288 788; x_wconf 86' lang='lat' dir='ltr'>lecti,</span> <span class='ocrx_word' id='word_1_14' title='bbox 316 699 453 797; x_wconf 89' lang='lat' dir='ltr'>quibus</span> <span class='ocrx_word' id='word_1_15' title='bbox 472 687 674 771; x_wconf 83' lang='lat' dir='ltr'>satisfacere</span> <span class='ocrx_word' id='word_1_16' title='bbox 697 724 741 771; x_wconf 86' lang='lat' dir='ltr'>eo</span> <span class='ocrx_word' id='word_1_17' title='bbox 772 696 957 771; x_wconf 79' lang='lat' dir='ltr'>difficilius</span> <span class='ocrx_word' id='word_1_18' title='bbox 985 715 1073 787; x_wconf 91' lang='lat' dir='ltr'>erat,</span> <span class='ocrx_word' id='word_1_19' title='bbox 1103 726 1196 798; x_wconf 91' lang='lat' dir='ltr'>quo,</span> 
     </span>
     <span class='ocr_line' id='line_1_5' title="bbox 187 822 1199 924; baseline -0.002 -24"><span class='ocrx_word' id='word_1_20' title='bbox 187 824 407 924; x_wconf 88' lang='lat' dir='ltr'>jampridem</span> <span class='ocrx_word' id='word_1_21' title='bbox 422 822 612 922; x_wconf 82' lang='lat' dir='ltr'>republica</span> <span class='ocrx_word' id='word_1_22' title='bbox 625 824 775 915; x_wconf 86' lang='lat' dir='ltr'>exclusi,</span> <span class='ocrx_word' id='word_1_23' title='bbox 798 823 923 896; x_wconf 87' lang='lat' dir='ltr'>litteris</span> <span class='ocrx_word' id='word_1_24' title='bbox 937 825 1135 898; x_wconf 81' lang='lat' dir='ltr'>studiosius</span> <span class='ocrx_word' id='word_1_25' title='bbox 1147 832 1199 898; x_wconf 91' lang='lat' dir='ltr'>in·</span> 
     </span>
     <span class='ocr_line' id='line_1_6' title="bbox 189 948 1197 1047; baseline 0.002 -25"><span class='ocrx_word' id='word_1_26' title='bbox 189 948 402 1047; x_wconf 87' lang='lat' dir='ltr'>dulgebant.</span> <span class='ocrx_word' id='word_1_27' title='bbox 416 951 500 1021; x_wconf 87' lang='lat' dir='ltr'>Non</span> <span class='ocrx_word' id='word_1_28' title='bbox 512 950 587 1046; x_wconf 86' lang='lat' dir='ltr'>jam</span> <span class='ocrx_word' id='word_1_29' title='bbox 606 954 644 1020; x_wconf 93' lang='lat' dir='ltr'>in</span> <span class='ocrx_word' id='word_1_30' title='bbox 661 954 799 1022; x_wconf 88' lang='lat' dir='ltr'>curiam</span> <span class='ocrx_word' id='word_1_31' title='bbox 816 951 1080 1023; x_wconf 85' lang='lat' dir='ltr'>conveniebant</span> <span class='ocrx_word' id='word_1_32' title='bbox 1099 975 1197 1024; x_wconf 88' lang='lat' dir='ltr'>sena·</span> 
     </span>
     <span class='ocr_line' id='line_1_7' title="bbox 188 1073 1191 1172; baseline 0.001 -28"><span class='ocrx_word' id='word_1_33' title='bbox 188 1088 297 1162; x_wconf 90' lang='lat' dir='ltr'>tores,</span> <span class='ocrx_word' id='word_1_34' title='bbox 331 1098 425 1170; x_wconf 91' lang='lat' dir='ltr'>quos</span> <span class='ocrx_word' id='word_1_35' title='bbox 455 1097 646 1171; x_wconf 89' lang='lat' dir='ltr'>nunqnam</span> <span class='ocrx_word' id='word_1_36' title='bbox 678 1073 920 1146; x_wconf 84' lang='lat' dir='ltr'>consulebant</span> <span class='ocrx_word' id='word_1_37' title='bbox 948 1080 1191 1172; x_wconf 80' lang='lat' dir='ltr'>magistratus,</span> 
     </span>
     <span class='ocr_line' id='line_1_8' title="bbox 186 1197 1194 1296; baseline -0.001 -25"><span class='ocrx_word' id='word_1_38' title='bbox 186 1198 358 1296; x_wconf 87' lang='lat' dir='ltr'>solitique</span> <span class='ocrx_word' id='word_1_39' title='bbox 376 1203 413 1268; x_wconf 92' lang='lat' dir='ltr'>in</span> <span class='ocrx_word' id='word_1_40' title='bbox 432 1197 526 1271; x_wconf 88' lang='lat' dir='ltr'>villis</span> <span class='ocrx_word' id='word_1_41' title='bbox 547 1202 677 1288; x_wconf 87' lang='lat' dir='ltr'>vivere,</span> <span class='ocrx_word' id='word_1_42' title='bbox 697 1205 849 1271; x_wconf 87' lang='lat' dir='ltr'>Romam</span> <span class='ocrx_word' id='word_1_43' title='bbox 869 1224 945 1271; x_wconf 90' lang='lat' dir='ltr'>non</span> <span class='ocrx_word' id='word_1_44' title='bbox 969 1224 1006 1271; x_wconf 90' lang='lat' dir='ltr'>se</span> <span class='ocrx_word' id='word_1_45' title='bbox 1027 1197 1194 1272; x_wconf 88' lang='lat' dir='ltr'>confere-</span> 
     </span>
     <span class='ocr_line' id='line_1_9' title="bbox 186 1322 1192 1424; baseline 0 -29"><span class='ocrx_word' id='word_1_46' title='bbox 186 1322 288 1409; x_wconf 83' lang='lat' dir='ltr'>bant,</span> <span class='ocrx_word' id='word_1_47' title='bbox 316 1327 385 1395; x_wconf 92' lang='lat' dir='ltr'>nisi</span> <span class='ocrx_word' id='word_1_48' title='bbox 408 1327 569 1395; x_wconf 86' lang='lat' dir='ltr'>carmina</span> <span class='ocrx_word' id='word_1_49' title='bbox 590 1322 764 1396; x_wconf 89' lang='lat' dir='ltr'>audituri.</span> <span class='ocrx_word' id='word_1_50' title='bbox 787 1328 866 1394; x_wconf 88' lang='lat' dir='ltr'>Irno</span> <span class='ocrx_word' id='word_1_51' title='bbox 890 1330 967 1424; x_wconf 94' lang='lat' dir='ltr'>ipse</span> <span class='ocrx_word' id='word_1_52' title='bbox 990 1330 1192 1423; x_wconf 90' lang='lat' dir='ltr'>imperator</span> 
     </span>
     <span class='ocr_line' id='line_1_10' title="bbox 184 1448 1189 1547; baseline 0 -27"><span class='ocrx_word' id='word_1_53' title='bbox 184 1455 249 1521; x_wconf 93' lang='lat' dir='ltr'>uni</span> <span class='ocrx_word' id='word_1_54' title='bbox 264 1454 465 1523; x_wconf 81' lang='lat' dir='ltr'>recitationi</span> <span class='ocrx_word' id='word_1_55' title='bbox 481 1449 665 1521; x_wconf 88' lang='lat' dir='ltr'>interfuit:</span> <span class='ocrx_word' id='word_1_56' title='bbox 686 1473 797 1547; x_wconf 89' lang='lat' dir='ltr'>quam</span> <span class='ocrx_word' id='word_1_57' title='bbox 815 1474 899 1521; x_wconf 91' lang='lat' dir='ltr'>vero</span> <span class='ocrx_word' id='word_1_58' title='bbox 917 1448 1108 1521; x_wconf 78' lang='lat' dir='ltr'>fastidiosae</span> <span class='ocrx_word' id='word_1_59' title='bbox 1126 1448 1189 1545; x_wconf 87' lang='lat' dir='ltr'>ju·</span> 
     </span>
     <span class='ocr_line' id='line_1_11' title="bbox 183 1570 898 1645; baseline -0.003 0"><span class='ocrx_word' id='word_1_60' title='bbox 183 1579 283 1645; x_wconf 89' lang='lat' dir='ltr'>venis</span> <span class='ocrx_word' id='word_1_61' title='bbox 296 1579 449 1645; x_wconf 91' lang='lat' dir='ltr'>Honorii</span> <span class='ocrx_word' id='word_1_62' title='bbox 461 1596 566 1645; x_wconf 88' lang='lat' dir='ltr'>aures</span> <span class='ocrx_word' id='word_1_63' title='bbox 581 1571 690 1644; x_wconf 88' lang='lat' dir='ltr'>fuisse</span> <span class='ocrx_word' id='word_1_64' title='bbox 706 1570 898 1645; x_wconf 87' lang='lat' dir='ltr'>videntur!</span> 
     </span>
    </p>

    <p class='ocr_par' dir='ltr' id='par_1_3' title="bbox 181 1695 1208 2047">
     <span class='ocr_line' id='line_1_12' title="bbox 230 1695 1208 1796; baseline -0.001 -26"><span class='ocrx_word' id='word_1_65' title='bbox 230 1703 298 1770; x_wconf 87' lang='lat' dir='ltr'>Cui</span> <span class='ocrx_word' id='word_1_66' title='bbox 311 1703 422 1796; x_wconf 83' lang='lat' dir='ltr'>igitur</span> <span class='ocrx_word' id='word_1_67' title='bbox 438 1695 666 1770; x_wconf 88' lang='lat' dir='ltr'>conferemus</span> <span class='ocrx_word' id='word_1_68' title='bbox 683 1696 940 1788; x_wconf 88' lang='lat' dir='ltr'>Claudianum,</span> <span class='ocrx_word' id='word_1_69' title='bbox 959 1703 1026 1768; x_wconf 91' lang='lat' dir='ltr'>nisi</span> <span class='ocrx_word' id='word_1_70' title='bbox 1040 1701 1185 1785; x_wconf 88' lang='lat' dir='ltr'>Proteo,</span> <span class='ocrx_word' id='word_1_71' title='bbox 1205 1783 1208 1787; x_wconf 15' lang='lat'><strong>¹</strong></span> 
     </span>
     <span class='ocr_line' id='line_1_13' title="bbox 181 1825 1185 1921; baseline -0.004 -26"><span class='ocrx_word' id='word_1_72' title='bbox 181 1846 309 1921; x_wconf 90' lang='lat' dir='ltr'>aquo,</span> <span class='ocrx_word' id='word_1_73' title='bbox 326 1825 393 1896; x_wconf 90' lang='lat' dir='ltr'>nisi</span> <span class='ocrx_word' id='word_1_74' title='bbox 406 1827 542 1896; x_wconf 88' lang='lat' dir='ltr'>catenis</span> <span class='ocrx_word' id='word_1_75' title='bbox 562 1828 698 1914; x_wconf 89' lang='lat' dir='ltr'>vincto,</span> <span class='ocrx_word' id='word_1_76' title='bbox 721 1847 845 1895; x_wconf 89' lang='lat' dir='ltr'>verum</span> <span class='ocrx_word' id='word_1_77' title='bbox 875 1836 1090 1919; x_wconf 85' lang='lat' dir='ltr'>extorquere</span> <span class='ocrx_word' id='word_1_78' title='bbox 1109 1846 1185 1895; x_wconf 92' lang='lat' dir='ltr'>non</span> 
     </span>
     <span class='ocr_line' id='line_1_14' title="bbox 181 1949 322 2047; baseline -0.007 -28"><span class='ocrx_word' id='word_1_79' title='bbox 181 1949 322 2047; x_wconf 83' lang='lat' dir='ltr'>possis?</span> 
     </span>
    </p>

    <p class='ocr_par' dir='ltr' id='par_1_4' title="bbox 179 2071 1186 3542">
     <span class='ocr_line' id='line_1_15' title="bbox 229 2071 1182 2172; baseline -0.003 -25"><span class='ocrx_word' id='word_1_80' title='bbox 229 2080 306 2147; x_wconf 90' lang='lat' dir='ltr'>Hoc</span> <span class='ocrx_word' id='word_1_81' title='bbox 321 2079 428 2145; x_wconf 85' lang='lat' dir='ltr'>etiam</span> <span class='ocrx_word' id='word_1_82' title='bbox 443 2072 668 2161; x_wconf 88' lang='lat' dir='ltr'>addendum,</span> <span class='ocrx_word' id='word_1_83' title='bbox 683 2071 868 2172; x_wconf 85' lang='lat' dir='ltr'>quod-pro</span> <span class='ocrx_word' id='word_1_84' title='bbox 883 2071 1085 2144; x_wconf 88' lang='lat' dir='ltr'>Claudiano</span> <span class='ocrx_word' id='word_1_85' title='bbox 1104 2087 1157 2144; x_wconf 91' lang='lat' dir='ltr'>est</span> <span class='ocrx_word' id='word_1_86' title='bbox 1174 2101 1182 2144; x_wconf 91' lang='lat'>:</span> 
     </span>
     <span class='ocr_line' id='line_1_16' title="bbox 179 2197 1184 2298; baseline -0.002 -28"><span class='ocrx_word' id='word_1_87' title='bbox 179 2205 308 2298; x_wconf 84' lang='lat' dir='ltr'>saepius</span> <span class='ocrx_word' id='word_1_88' title='bbox 326 2197 575 2270; x_wconf 88' lang='lat' dir='ltr'>obliviscimur</span> <span class='ocrx_word' id='word_1_89' title='bbox 590 2222 665 2295; x_wconf 92' lang='lat' dir='ltr'>quo</span> <span class='ocrx_word' id='word_1_90' title='bbox 676 2211 838 2296; x_wconf 91' lang='lat' dir='ltr'>tempore</span> <span class='ocrx_word' id='word_1_91' title='bbox 851 2202 1043 2296; x_wconf 86' lang='lat' dir='ltr'>scripserit.</span> <span class='ocrx_word' id='word_1_92' title='bbox 1061 2200 1184 2270; x_wconf 88' lang='lat' dir='ltr'>Musas</span> 
     </span>
     <span class='ocr_line' id='line_1_17' title="bbox 179 2320 1186 2421; baseline -0.003 -27"><span class='ocrx_word' id='word_1_93' title='bbox 179 2347 324 2421; x_wconf 81' lang='lat' dir='ltr'>graecas,</span> <span class='ocrx_word' id='word_1_94' title='bbox 356 2335 398 2392; x_wconf 92' lang='lat' dir='ltr'>ut</span> <span class='ocrx_word' id='word_1_95' title='bbox 425 2327 503 2419; x_wconf 86' lang='lat' dir='ltr'>ipse</span> <span class='ocrx_word' id='word_1_96' title='bbox 526 2320 631 2412; x_wconf 89' lang='lat' dir='ltr'>dicit,</span> <span class='ocrx_word' id='word_1_97' title='bbox 665 2324 775 2393; x_wconf 91' lang='lat' dir='ltr'>musis</span> <span class='ocrx_word' id='word_1_98' title='bbox 799 2321 920 2393; x_wconf 89' lang='lat' dir='ltr'>latinis</span> <span class='ocrx_word' id='word_1_99' title='bbox 949 2325 1186 2392; x_wconf 85' lang='lat' dir='ltr'>commutavit</span> 
     </span>
     <span class='ocr_line' id='line_1_18' title="bbox 180 2443 1184 2547; baseline -0.005 -27"><span class='ocrx_word' id='word_1_100' title='bbox 180 2463 261 2547; x_wconf 89' lang='lat' dir='ltr'>post</span> <span class='ocrx_word' id='word_1_101' title='bbox 281 2443 477 2520; x_wconf 85' lang='lat' dir='ltr'>Theodosii</span> <span class='ocrx_word' id='word_1_102' title='bbox 501 2445 708 2545; x_wconf 87' lang='lat' dir='ltr'>triumphos</span> <span class='ocrx_word' id='word_1_103' title='bbox 733 2460 769 2518; x_wconf 92' lang='lat' dir='ltr'>et</span> <span class='ocrx_word' id='word_1_104' title='bbox 788 2451 929 2544; x_wconf 89' lang='lat' dir='ltr'>imperii</span> <span class='ocrx_word' id='word_1_105' title='bbox 953 2449 1184 2516; x_wconf 87' lang='lat' dir='ltr'>instauratio·</span> 
     </span>
     <span class='ocr_line' id='line_1_19' title="bbox 180 2567 1184 2665; baseline -0.002 -23"><span class='ocrx_word' id='word_1_106' title='bbox 180 2595 277 2663; x_wconf 89' lang='lat' dir='ltr'>nem,</span> <span class='ocrx_word' id='word_1_107' title='bbox 300 2570 334 2642; x_wconf 92' lang='lat' dir='ltr'>id</span> <span class='ocrx_word' id='word_1_108' title='bbox 360 2588 432 2658; x_wconf 92' lang='lat' dir='ltr'>est,</span> <span class='ocrx_word' id='word_1_109' title='bbox 454 2595 551 2641; x_wconf 89' lang='lat' dir='ltr'>anno</span> <span class='ocrx_word' id='word_1_110' title='bbox 576 2567 660 2665; x_wconf 85' lang='lat'>395.</span> <span class='ocrx_word' id='word_1_111' title='bbox 689 2576 774 2642; x_wconf 90' lang='lat' dir='ltr'>Post</span> <span class='ocrx_word' id='word_1_112' title='bbox 795 2593 935 2641; x_wconf 91' lang='lat' dir='ltr'>annum</span> <span class='ocrx_word' id='word_1_113' title='bbox 963 2583 1084 2641; x_wconf 84' lang='lat' dir='ltr'>autem</span> <span class='ocrx_word' id='word_1_114' title='bbox 1112 2568 1184 2655; x_wconf 71' lang='lat'>403</span> 
     </span>
     <span class='ocr_line' id='line_1_20' title="bbox 181 2691 1184 2793; baseline -0.004 -25"><span class='ocrx_word' id='word_1_115' title='bbox 181 2695 271 2768; x_wconf 92' lang='lat' dir='ltr'>nihil</span> <span class='ocrx_word' id='word_1_116' title='bbox 291 2700 439 2784; x_wconf 87' lang='lat' dir='ltr'>cecinit;</span> <span class='ocrx_word' id='word_1_117' title='bbox 458 2718 568 2793; x_wconf 90' lang='lat' dir='ltr'>quem</span> <span class='ocrx_word' id='word_1_118' title='bbox 588 2693 736 2792; x_wconf 89' lang='lat' dir='ltr'>quidem</span> <span class='ocrx_word' id='word_1_119' title='bbox 759 2708 843 2765; x_wconf 89' lang='lat' dir='ltr'>ante</span> <span class='ocrx_word' id='word_1_120' title='bbox 861 2717 1000 2764; x_wconf 92' lang='lat' dir='ltr'>annum</span> <span class='ocrx_word' id='word_1_121' title='bbox 1020 2691 1184 2764; x_wconf 85' lang='lat' dir='ltr'>Alaricus</span> 
     </span>
     <span class='ocr_line' id='line_1_21' title="bbox 180 2815 1181 2917; baseline -0.005 -24"><span class='ocrx_word' id='word_1_122' title='bbox 180 2822 251 2916; x_wconf 78' lang='lat' dir='ltr'>jain</span> <span class='ocrx_word' id='word_1_123' title='bbox 272 2826 311 2891; x_wconf 92' lang='lat' dir='ltr'>in</span> <span class='ocrx_word' id='word_1_124' title='bbox 333 2820 472 2891; x_wconf 88' lang='lat' dir='ltr'>Italiam</span> <span class='ocrx_word' id='word_1_125' title='bbox 488 2823 664 2917; x_wconf 82' lang='lat' dir='ltr'>impeturn</span> <span class='ocrx_word' id='word_1_126' title='bbox 680 2816 826 2907; x_wconf 86' lang='lat' dir='ltr'>fecerat,</span> <span class='ocrx_word' id='word_1_127' title='bbox 844 2815 905 2889; x_wconf 91' lang='lat' dir='ltr'>sed</span> <span class='ocrx_word' id='word_1_128' title='bbox 919 2822 1033 2889; x_wconf 91' lang='lat' dir='ltr'>victus</span> <span class='ocrx_word' id='word_1_129' title='bbox 1051 2815 1181 2905; x_wconf 83' lang='lat' dir='ltr'>luerat,</span> 
     </span>
     <span class='ocr_line' id='line_1_22' title="bbox 179 2940 1182 3045; baseline -0.005 -28"><span class='ocrx_word' id='word_1_130' title='bbox 179 2963 214 3017; x_wconf 89' lang='lat' dir='ltr'>et</span> <span class='ocrx_word' id='word_1_131' title='bbox 226 2961 308 3045; x_wconf 92' lang='lat' dir='ltr'>post</span> <span class='ocrx_word' id='word_1_132' title='bbox 320 2944 578 3042; x_wconf 83' lang='lat' dir='ltr'>triumphantis</span> <span class='ocrx_word' id='word_1_133' title='bbox 589 2967 737 3016; x_wconf 91' lang='lat' dir='ltr'>currum</span> <span class='ocrx_word' id='word_1_134' title='bbox 750 2949 845 3042; x_wconf 91' lang='lat' dir='ltr'>capti</span> <span class='ocrx_word' id='word_1_135' title='bbox 859 2947 1079 3014; x_wconf 89' lang='lat' dir='ltr'>incesserant</span> <span class='ocrx_word' id='word_1_136' title='bbox 1098 2940 1182 3015; x_wconf 88' lang='lat' dir='ltr'>bar·</span> 
     </span>
     <span class='ocr_line' id='line_1_23' title="bbox 180 3065 1184 3166; baseline -0.004 -27"><span class='ocrx_word' id='word_1_137' title='bbox 180 3069 269 3140; x_wconf 87' lang='lat' dir='ltr'>bari.</span> <span class='ocrx_word' id='word_1_138' title='bbox 281 3073 423 3166; x_wconf 86' lang='lat' dir='ltr'>Septem</span> <span class='ocrx_word' id='word_1_139' title='bbox 439 3091 523 3138; x_wconf 89' lang='lat' dir='ltr'>vero</span> <span class='ocrx_word' id='word_1_140' title='bbox 539 3071 627 3138; x_wconf 92' lang='lat' dir='ltr'>anni</span> <span class='ocrx_word' id='word_1_141' title='bbox 639 3065 843 3154; x_wconf 87' lang='lat' dir='ltr'>elabentur,</span> <span class='ocrx_word' id='word_1_142' title='bbox 858 3080 1054 3162; x_wconf 88' lang='lat' dir='ltr'>antequam</span> <span class='ocrx_word' id='word_1_143' title='bbox 1066 3070 1184 3162; x_wconf 89' lang='lat' dir='ltr'>capiat</span> 
     </span>
     <span class='ocr_line' id='line_1_24' title="bbox 179 3187 1183 3289; baseline -0.003 -26"><span class='ocrx_word' id='word_1_144' title='bbox 179 3198 331 3265; x_wconf 86' lang='lat' dir='ltr'>Romam</span> <span class='ocrx_word' id='word_1_145' title='bbox 358 3191 521 3263; x_wconf 89' lang='lat' dir='ltr'>Alaricus</span> <span class='ocrx_word' id='word_1_146' title='bbox 552 3190 564 3265; x_wconf 82' lang='lat' dir='ltr'>l</span> <span class='ocrx_word' id='word_1_147' title='bbox 571 3190 672 3288; x_wconf 70' lang='lat'>410).</span> <span class='ocrx_word' id='word_1_148' title='bbox 701 3196 894 3264; x_wconf 88' lang='lat' dir='ltr'>Victricem</span> <span class='ocrx_word' id='word_1_149' title='bbox 915 3196 1025 3289; x_wconf 85' lang='lat' dir='ltr'>igitur</span> <span class='ocrx_word' id='word_1_150' title='bbox 1055 3187 1183 3261; x_wconf 89' lang='lat' dir='ltr'>urbem</span> 
     </span>
     <span class='ocr_line' id='line_1_25' title="bbox 181 3297 1184 3393; baseline -0.007 -1"><span class='ocrx_word' id='word_1_151' title='bbox 181 3334 263 3393; x_wconf 90' lang='lat' dir='ltr'>ante</span> <span class='ocrx_word' id='word_1_152' title='bbox 281 3317 410 3391; x_wconf 92' lang='lat' dir='ltr'>oculos</span> <span class='ocrx_word' id='word_1_153' title='bbox 436 3315 546 3387; x_wconf 89' lang='lat' dir='ltr'>habet</span> <span class='ocrx_word' id='word_1_154' title='bbox 570 3315 806 3388; x_wconf 89' lang='lat' dir='ltr'>Claudianus.</span> <span class='ocrx_word' id='word_1_155' title='bbox 831 3318 905 3389; x_wconf 88' lang='lat' dir='ltr'>Nos</span> <span class='ocrx_word' id='word_1_156' title='bbox 923 3330 1042 3387; x_wconf 88' lang='lat' dir='ltr'>autern</span> <span class='ocrx_word' id='word_1_157' title='bbox 1058 3314 1105 3386; x_wconf 91' lang='lat' dir='ltr'>ab</span> <span class='ocrx_word' id='word_1_158' title='bbox 1123 3297 1184 3386; x_wconf 87' lang='lat' dir='ltr'>illa</span> 
     </span>
     <span class='ocr_line' id='line_1_26' title="bbox 182 3438 1185 3542; baseline -0.009 -24"><span class='ocrx_word' id='word_1_159' title='bbox 182 3460 282 3518; x_wconf 81' lang='lat' dir='ltr'>aetate</span> <span class='ocrx_word' id='word_1_160' title='bbox 314 3459 386 3515; x_wconf 85' lang='lat' dir='ltr'>tarn</span> <span class='ocrx_word' id='word_1_161' title='bbox 416 3440 607 3530; x_wconf 82' lang='lat' dir='ltr'>distantes,</span> <span class='ocrx_word' id='word_1_162' title='bbox 628 3456 789 3542; x_wconf 88' lang='lat' dir='ltr'>tempora</span> <span class='ocrx_word' id='word_1_163' title='bbox 822 3446 1032 3528; x_wconf 89' lang='lat' dir='ltr'>miscemus,</span> <span class='ocrx_word' id='word_1_164' title='bbox 1051 3453 1086 3511; x_wconf 88' lang='lat' dir='ltr'>et</span> <span class='ocrx_word' id='word_1_165' title='bbox 1113 3438 1185 3510; x_wconf 92' lang='lat' dir='ltr'>illis</span> 
     </span>
    </p>
   </div>
   <div class='ocr_carea' id='block_1_3' title="bbox 182 3562 1184 3915">
    <p class='ocr_par' dir='ltr' id='par_1_5' title="bbox 182 3562 1184 3915">
     <span class='ocr_line' id='line_1_27' title="bbox 183 3562 1184 3675; baseline -0.007 -34"><span class='ocrx_word' id='word_1_166' title='bbox 183 3573 368 3670; x_wconf 74' lang='lat' dir='ltr'>praeconiis</span> <span class='ocrx_word' id='word_1_167' title='bbox 384 3565 666 3675; x_wconf 82' lang='lat' dir='ltr'>victricibusque</span> <span class='ocrx_word' id='word_1_168' title='bbox 686 3564 926 3655; x_wconf 84' lang='lat' dir='ltr'>carminibus,</span> <span class='ocrx_word' id='word_1_169' title='bbox 952 3590 1067 3661; x_wconf 91' lang='lat' dir='ltr'>quum</span> <span class='ocrx_word' id='word_1_170' title='bbox 1096 3562 1184 3635; x_wconf 92' lang='lat' dir='ltr'>urbs</span> 
     </span>
     <span class='ocr_line' id='line_1_28' title="bbox 182 3689 1008 3792; baseline -0.01 -25"><span class='ocrx_word' id='word_1_171' title='bbox 182 3720 265 3767; x_wconf 85' lang='lat' dir='ltr'>mox</span> <span class='ocrx_word' id='word_1_172' title='bbox 281 3699 438 3792; x_wconf 86' lang='lat' dir='ltr'>peritura</span> <span class='ocrx_word' id='word_1_173' title='bbox 453 3695 512 3779; x_wconf 89' lang='lat' dir='ltr'>sit,</span> <span class='ocrx_word' id='word_1_174' title='bbox 533 3690 635 3762; x_wconf 79' lang='lat' dir='ltr'>facile</span> <span class='ocrx_word' id='word_1_175' title='bbox 653 3689 762 3762; x_wconf 87' lang='lat' dir='ltr'>fidem</span> <span class='ocrx_word' id='word_1_176' title='bbox 777 3690 1008 3787; x_wconf 84' lang='lat' dir='ltr'>denegamus.</span> 
     </span>
     <span class='ocr_line' id='line_1_29' title="bbox 230 3812 1184 3915; baseline -0.008 -22"><span class='ocrx_word' id='word_1_177' title='bbox 230 3824 359 3893; x_wconf 89' lang='lat' dir='ltr'>Utrum</span> <span class='ocrx_word' id='word_1_178' title='bbox 376 3828 496 3888; x_wconf 89' lang='lat' dir='ltr'>autem</span> <span class='ocrx_word' id='word_1_179' title='bbox 510 3813 731 3889; x_wconf 89' lang='lat' dir='ltr'>Claudianus</span> <span class='ocrx_word' id='word_1_180' title='bbox 746 3812 951 3915; x_wconf 87' lang='lat' dir='ltr'>culpandus</span> <span class='ocrx_word' id='word_1_181' title='bbox 964 3819 1023 3904; x_wconf 92' lang='lat' dir='ltr'>sit,</span> <span class='ocrx_word' id='word_1_182' title='bbox 1039 3836 1085 3888; x_wconf 91' lang='lat' dir='ltr'>an</span> <span class='ocrx_word' id='word_1_183' title='bbox 1103 3838 1184 3885; x_wconf 90' lang='lat' dir='ltr'>nos·</span> 
     </span>
    </p>
   </div>
   <div class='ocr_carea' id='block_1_4' title="bbox 182 3937 612 4043">
    <p class='ocr_par' dir='ltr' id='par_1_6' title="bbox 182 3937 612 4043">
     <span class='ocr_line' id='line_1_30' title="bbox 182 3937 612 4043; baseline -0.016 -24"><span class='ocrx_word' id='word_1_184' title='bbox 182 3947 337 4043; x_wconf 83' lang='lat' dir='ltr'>metipsi,</span> <span class='ocrx_word' id='word_1_185' title='bbox 361 3937 612 4038; x_wconf 82' lang='lat' dir='ltr'>quaerendum.</span> 
     </span>
    </p>
   </div>
   <div class='ocr_carea' id='block_1_5' title="bbox 0 0 1376 4776">
    <p class='ocr_par' dir='ltr' id='par_1_7' title="bbox 0 0 1376 4776">
     <span class='ocr_line' id='line_1_31' title="bbox 0 0 1376 4776; baseline 0 1"><span class='ocrx_word' id='word_1_186' title='bbox 0 0 1376 4776; x_wconf 95' lang='lat' dir='ltr'> </span> 
     </span>
    </p>
   </div>
  </div>
 </body>
</html>
