2744 4776
593 311 753 372 ...Μ-

172 466 309 565 quibus
339 467 497 541 Ecclesia
523 466 692 543 cladibus
720 468 890 561 afficitur,
915 473 955 541 iis
984 476 1182 572 imperium

173 596 292 692 ipsum
310 591 406 667 affici
428 592 594 666 credunt.
613 595 747 668 Eadem
765 602 860 667 enim
877 594 1062 669 iracundia
1084 603 1184 670 Aria·

175 741 242 789 nos
259 732 294 790 et
311 719 467 810 Gothos,
480 722 688 792 Donatistas
701 734 736 793 et
753 718 938 793 Vandalus
959 746 1186 822 persequun-

177 858 246 916 tur.
272 843 359 916 Illos
384 849 493 941 igitur
517 844 644 918 divino
667 850 801 943 Spiritu
823 847 1001 946 impulsos
1024 847 1184 921 admire-

177 992 260 1040 mur
290 984 326 1040 et
358 993 584 1059 veneremnr;
615 971 663 1045 ab
697 966 770 1044 illis
805 986 923 1044 tamen
958 970 1185 1072 illorumque

177 1098 319 1194 scriptis
344 1118 570 1168 caveamus.-

667 1580 695 1662 ll

252 1888 349 1961 outa
370 1891 527 1951 litator-lte
548 1891 736 1952 conterant
755 1888 945 1951 Claudiani
967 1892 1112 1971 scripta.

230 2226 284 2292 Ex
326 2219 437 2293 rebus
469 2232 574 2294 antea
614 2220 719 2293 dictis
754 2219 1051 2294 concludendum
1092 2238 1184 2309 nos,

184 2363 377 2448 postquam
401 2346 600 2421 evolvimus
616 2348 721 2421 exilia
738 2352 869 2421 Zosimi
893 2362 1081 2448 excerpta,
1103 2342 1188 2418 hre-

182 2496 261 2546 vom
292 2488 327 2546 et
353 2478 528 2547 incertam
554 2477 701 2548 Zonarae
730 2478 996 2564 narrationem,
1021 2472 1190 2545 breviora

181 2597 302 2672 forsan
319 2603 495 2692 Socratis,
516 2602 725 2673 Sozomenis
748 2615 784 2672 et
797 2599 899 2672 Pauli
922 2602 1040 2671 Orosii
1056 2620 1188 2698 opera,

185 2721 369 2823 inquibus
387 2723 537 2796 historia
551 2750 670 2796 rerum
684 2724 846 2797 civilium
860 2715 1105 2797 ecclesiasticae
1115 2721 1191 2795 his·
1257 2769 1266 2786 ›

186 2854 286 2921 toriae
299 2872 407 2924 causa
422 2849 636 2949 negligitur3
653 2865 845 2950 postquam
860 2849 1079 2948 perlegimus
1096 2869 1192 2922 acer·

186 2981 277 3048 rima
308 2981 471 3048 convicia
502 3002 583 3074 quae
614 2981 652 3048 in
683 2991 800 3050 tantas
823 2979 947 3049 Romae
971 2972 1192 3049 calamitates

186 3099 367 3199 epistolis,
385 3100 658 3173 sermonihuset
669 3100 982 3174 dissertationibus
993 3098 1099 3172 divus
1110 3106 1193 3170 Am-

186 3221 351 3310 brosius,
380 3222 486 3294 divus
509 3228 751 3322 Hieronymus
776 3239 812 3296 et
839 3222 943 3296 divus
969 3226 1194 3320 Augustinus

184 3351 427 3447 jactaverunt,
462 3350 665 3421 luctuosam
697 3347 796 3421 illam
824 3362 983 3438 aetatem,
1020 3348 1094 3446 qua
1120 3348 1194 3444 jam
1237 3406 1246 3421 .

187 3498 305 3573 prope
327 3488 449 3546 exacta
468 3472 629 3546 concidit
649 3477 856 3547 Romanum
877 3469 1074 3572 imperium
1084 3526 1092 3560 ‚
1114 3493 1191 3544 non

189 3604 334 3698 penitus
355 3624 475 3672 nosse.
496 3602 621 3689 Quum
636 3604 801 3670 imminet
824 3613 923 3670 tanta
938 3602 1057 3684 ruina,
1078 3618 1195 3692 quum

188 3738 311 3822 gentes
335 3725 498 3801 barbarae
521 3731 616 3824 ripas
629 3725 746 3797 Rheni
765 3739 799 3796 et
816 3722 980 3797 Danubii
1006 3734 1143 3808 tenent,
1161 3735 1197 3792 et

184 3853 260 3949 jam
273 3852 487 3924 Danubium
503 3877 577 3923 non
596 3877 669 3924 una
681 3864 834 3950 exparte
850 3854 1081 3935 transierunt,
1094 3869 1196 3944 qnae·

188 3975 342 4050 rendum
369 3993 420 4049 est
446 4002 534 4051 num
562 3990 661 4051 tanta
678 3981 746 4072 sit,
773 3989 912 4078 quanta
931 3972 1075 4050 ridetur
1094 3968 1194 4075 apud
