<?xml version="1.0" encoding="UTF-8"?>
<!DOCTYPE html PUBLIC "-//W3C//DTD XHTML 1.0 Transitional//EN"
    "http://www.w3.org/TR/xhtml1/DTD/xhtml1-transitional.dtd">
<html xmlns="http://www.w3.org/1999/xhtml" xml:lang="en" lang="en">
 <head>
  <title>
</title>
<meta http-equiv="Content-Type" content="text/html;charset=utf-8" />
  <meta name='ocr-system' content='tesseract 3.04.00' />
  <meta name='ocr-capabilities' content='ocr_page ocr_carea ocr_par ocr_line ocrx_word'/>
</head>
<body>
  <div class='ocr_page' id='page_1' title='image "./quidadhistoriam00chotgoog_0017.png"; bbox 0 0 2744 4776; ppageno 0'>
   <div class='ocr_carea' id='block_1_1' title="bbox 223 1127 1049 1239">
    <p class='ocr_par' dir='ltr' id='par_1_1' title="bbox 223 1127 1049 1239">
     <span class='ocr_line' id='line_1_1' title="bbox 223 1127 1049 1239; baseline 0.004 -19"><span class='ocrx_word' id='word_1_1' title='bbox 223 1185 227 1192; x_wconf 94' lang='lat'><em>·</em></span> <span class='ocrx_word' id='word_1_2' title='bbox 323 1127 524 1239; x_wconf 65' lang='lat' dir='ltr'>serrum</span> <span class='ocrx_word' id='word_1_3' title='bbox 544 1161 589 1221; x_wconf 72' lang='lat' dir='ltr'>a·</span> <span class='ocrx_word' id='word_1_4' title='bbox 608 1157 799 1220; x_wconf 65' lang='lat' dir='ltr'>mouetur</span> <span class='ocrx_word' id='word_1_5' title='bbox 821 1160 1049 1238; x_wconf 61' lang='lat' dir='ltr'>tumtun.</span> 
     </span>
    </p>
   </div>
   <div class='ocr_carea' id='block_1_2' title="bbox 84 1531 1195 3856">
    <p class='ocr_par' dir='ltr' id='par_1_2' title="bbox 171 1531 1193 2484">
     <span class='ocr_line' id='line_1_2' title="bbox 234 1531 1193 1629; baseline 0.003 -23"><span class='ocrx_word' id='word_1_6' title='bbox 234 1531 342 1606; x_wconf 87' lang='lat' dir='ltr'><strong>Nulla</strong></span> <span class='ocrx_word' id='word_1_7' title='bbox 368 1545 420 1602; x_wconf 86' lang='lat' dir='ltr'>est</span> <span class='ocrx_word' id='word_1_8' title='bbox 445 1534 615 1603; x_wconf 81' lang='lat' dir='ltr'>incertior</span> <span class='ocrx_word' id='word_1_9' title='bbox 637 1555 749 1627; x_wconf 86' lang='lat' dir='ltr'>quam</span> <span class='ocrx_word' id='word_1_10' title='bbox 773 1537 975 1629; x_wconf 84' lang='lat' dir='ltr'>primorum</span> <span class='ocrx_word' id='word_1_11' title='bbox 989 1533 1193 1611; x_wconf 80' lang='lat' dir='ltr'>christianae</span> 
     </span>
     <span class='ocr_line' id='line_1_3' title="bbox 171 1641 1191 1754; baseline 0.003 -25"><span class='ocrx_word' id='word_1_12' title='bbox 171 1662 295 1730; x_wconf 76' lang='lat' dir='ltr'>¹aetatis</span> <span class='ocrx_word' id='word_1_13' title='bbox 316 1641 537 1729; x_wconf 81' lang='lat' dir='ltr'>seculorum</span> <span class='ocrx_word' id='word_1_14' title='bbox 553 1656 714 1730; x_wconf 85' lang='lat' dir='ltr'>historia.</span> <span class='ocrx_word' id='word_1_15' title='bbox 741 1659 961 1754; x_wconf 84' lang='lat' dir='ltr'><strong>Quanquam</strong></span> <span class='ocrx_word' id='word_1_16' title='bbox 988 1664 1086 1732; x_wconf 92' lang='lat' dir='ltr'>enim</span> <span class='ocrx_word' id='word_1_17' title='bbox 1114 1685 1191 1732; x_wconf 93' lang='lat' dir='ltr'>non</span> 
     </span>
     <span class='ocr_line' id='line_1_4' title="bbox 185 1765 1190 1881; baseline 0.002 -26"><span class='ocrx_word' id='word_1_18' title='bbox 185 1781 318 1855; x_wconf 84' lang='lat' dir='ltr'><strong>desunt</strong></span> <span class='ocrx_word' id='word_1_19' title='bbox 343 1787 536 1881; x_wconf 81' lang='lat' dir='ltr'>scriptores</span> <span class='ocrx_word' id='word_1_20' title='bbox 555 1781 664 1855; x_wconf 87' lang='lat' dir='ltr'>rebus</span> <span class='ocrx_word' id='word_1_21' title='bbox 682 1782 856 1879; x_wconf 73' lang='lat' dir='ltr'>aequaleS,</span> <span class='ocrx_word' id='word_1_22' title='bbox 876 1798 940 1864; x_wconf 75' lang='lat' dir='ltr'>aut</span> <span class='ocrx_word' id='word_1_23' title='bbox 959 1765 1190 1875; x_wconf 85' lang='lat' dir='ltr'>recentiores,</span> 
     </span>
     <span class='ocr_line' id='line_1_5' title="bbox 185 1904 1192 2008; baseline 0.005 -30"><span class='ocrx_word' id='word_1_24' title='bbox 185 1912 292 1980; x_wconf 87' lang='lat' dir='ltr'>variis</span> <span class='ocrx_word' id='word_1_25' title='bbox 316 1912 434 1981; x_wconf 85' lang='lat' dir='ltr'>causis</span> <span class='ocrx_word' id='word_1_26' title='bbox 459 1904 629 1995; x_wconf 82' lang='lat' dir='ltr'>efficitur,</span> <span class='ocrx_word' id='word_1_27' title='bbox 650 1922 692 1980; x_wconf 90' lang='lat' dir='ltr'>ut</span> <span class='ocrx_word' id='word_1_28' title='bbox 715 1926 843 1980; x_wconf 86' lang='lat' dir='ltr'>omnes</span> <span class='ocrx_word' id='word_1_29' title='bbox 867 1907 992 1981; x_wconf 86' lang='lat' dir='ltr'>multis</span> <span class='ocrx_word' id='word_1_30' title='bbox 1017 1914 1056 1983; x_wconf 91' lang='lat' dir='ltr'>in</span> <span class='ocrx_word' id='word_1_31' title='bbox 1081 1916 1192 2008; x_wconf 80' lang='lat' dir='ltr'>parti·</span> 
     </span>
     <span class='ocr_line' id='line_1_6' title="bbox 183 2031 1193 2132; baseline 0.001 -25"><span class='ocrx_word' id='word_1_32' title='bbox 183 2031 255 2107; x_wconf 91' lang='lat' dir='ltr'>bus</span> <span class='ocrx_word' id='word_1_33' title='bbox 277 2031 460 2105; x_wconf 86' lang='lat' dir='ltr'><strong>deficiant.</strong></span> <span class='ocrx_word' id='word_1_34' title='bbox 491 2031 645 2107; x_wconf 82' lang='lat' dir='ltr'>Illorum</span> <span class='ocrx_word' id='word_1_35' title='bbox 671 2046 794 2105; x_wconf 83' lang='lat' dir='ltr'>autem</span> <span class='ocrx_word' id='word_1_36' title='bbox 825 2032 987 2106; x_wconf 87' lang='lat' dir='ltr'>studium</span> <span class='ocrx_word' id='word_1_37' title='bbox 1010 2039 1193 2132; x_wconf 85' lang='lat' dir='ltr'>etiamque</span> 
     </span>
     <span class='ocr_line' id='line_1_7' title="bbox 184 2139 1193 2244; baseline -0.002 -12"><span class='ocrx_word' id='word_1_38' title='bbox 184 2155 276 2233; x_wconf 79' lang='lat' dir='ltr'>fides</span> <span class='ocrx_word' id='word_1_39' title='bbox 297 2156 454 2228; x_wconf 86' lang='lat' dir='ltr'>multum</span> <span class='ocrx_word' id='word_1_40' title='bbox 469 2161 507 2229; x_wconf 93' lang='lat' dir='ltr'>in</span> <span class='ocrx_word' id='word_1_41' title='bbox 525 2139 643 2231; x_wconf 81' lang='lat' dir='ltr'>dubio</span> <span class='ocrx_word' id='word_1_42' title='bbox 658 2171 757 2244; x_wconf 92' lang='lat' dir='ltr'><strong>sunt,</strong></span> <span class='ocrx_word' id='word_1_43' title='bbox 774 2171 808 2231; x_wconf 88' lang='lat' dir='ltr'>et</span> <span class='ocrx_word' id='word_1_44' title='bbox 820 2156 915 2230; x_wconf 88' lang='lat' dir='ltr'>adeo</span> <span class='ocrx_word' id='word_1_45' title='bbox 930 2183 1006 2231; x_wconf 88' lang='lat' dir='ltr'>nou</span> <span class='ocrx_word' id='word_1_46' title='bbox 1021 2157 1084 2232; x_wconf 89' lang='lat' dir='ltr'>alii</span> <span class='ocrx_word' id='word_1_47' title='bbox 1101 2158 1193 2233; x_wconf 88' lang='lat' dir='ltr'>alios</span> 
     </span>
     <span class='ocr_line' id='line_1_8' title="bbox 183 2281 1192 2387; baseline 0.001 -32"><span class='ocrx_word' id='word_1_48' title='bbox 183 2281 344 2387; x_wconf 60' lang='lat' dir='ltr'>explent,</span> <span class='ocrx_word' id='word_1_49' title='bbox 365 2295 548 2354; x_wconf 83' lang='lat' dir='ltr'>utcontra</span> <span class='ocrx_word' id='word_1_50' title='bbox 564 2285 659 2354; x_wconf 88' lang='lat' dir='ltr'>iuter</span> <span class='ocrx_word' id='word_1_51' title='bbox 676 2305 713 2354; x_wconf 88' lang='lat' dir='ltr'>se</span> <span class='ocrx_word' id='word_1_52' title='bbox 731 2287 884 2378; x_wconf 85' lang='lat' dir='ltr'>graviter</span> <span class='ocrx_word' id='word_1_53' title='bbox 901 2283 1041 2356; x_wconf 81' lang='lat' dir='ltr'><strong>soleant</strong></span> <span class='ocrx_word' id='word_1_54' title='bbox 1052 2282 1192 2357; x_wconf 87' lang='lat' dir='ltr'>dissen-</span> 
     </span>
     <span class='ocr_line' id='line_1_9' title="bbox 185 2412 332 2484; baseline 0.041 -6"><span class='ocrx_word' id='word_1_55' title='bbox 185 2412 266 2479; x_wconf 86' lang='lat' dir='ltr'>tire.</span> <span class='ocrx_word' id='word_1_56' title='bbox 286 2461 290 2468; x_wconf 85' lang='lat'><em>·</em></span> <span class='ocrx_word' id='word_1_57' title='bbox 328 2475 332 2484; x_wconf 93' lang='lat'>.</span> 
     </span>
    </p>

    <p class='ocr_par' dir='ltr' id='par_1_3' title="bbox 84 2527 1194 3373">
     <span class='ocr_line' id='line_1_10' title="bbox 234 2527 1191 2628; baseline 0.001 -24"><span class='ocrx_word' id='word_1_58' title='bbox 234 2535 271 2604; x_wconf 89' lang='lat' dir='ltr'>Si</span> <span class='ocrx_word' id='word_1_59' title='bbox 297 2535 394 2604; x_wconf 85' lang='lat' dir='ltr'>enim</span> <span class='ocrx_word' id='word_1_60' title='bbox 415 2527 461 2603; x_wconf 89' lang='lat' dir='ltr'>de</span> <span class='ocrx_word' id='word_1_61' title='bbox 482 2529 608 2602; x_wconf 86' lang='lat' dir='ltr'>eadem</span> <span class='ocrx_word' id='word_1_62' title='bbox 632 2553 671 2602; x_wconf 76' lang='lat' dir='ltr'>ae</span> <span class='ocrx_word' id='word_1_63' title='bbox 689 2553 870 2628; x_wconf 82' lang='lat' dir='ltr'><strong>paganum</strong></span> <span class='ocrx_word' id='word_1_64' title='bbox 890 2535 1122 2628; x_wconf 79' lang='lat' dir='ltr'><strong>scriptorem,</strong></span> <span class='ocrx_word' id='word_1_65' title='bbox 1149 2558 1191 2607; x_wconf 87' lang='lat' dir='ltr'>ac</span> 
     </span>
     <span class='ocr_line' id='line_1_11' title="bbox 184 2655 1192 2754; baseline 0.003 -25"><span class='ocrx_word' id='word_1_66' title='bbox 184 2655 321 2730; x_wconf 88' lang='lat' dir='ltr'>deiude</span> <span class='ocrx_word' id='word_1_67' title='bbox 333 2656 572 2731; x_wconf 90' lang='lat' dir='ltr'>christianum</span> <span class='ocrx_word' id='word_1_68' title='bbox 580 2661 990 2754; x_wconf 79' lang='lat' dir='ltr'>interrogaveris,q.uam</span> <span class='ocrx_word' id='word_1_69' title='bbox 1001 2657 1192 2732; x_wconf 84' lang='lat' dir='ltr'>dissimiles</span> 
     </span>
     <span class='ocr_line' id='line_1_12' title="bbox 185 2764 1191 2880; baseline 0.001 -25"><span class='ocrx_word' id='word_1_70' title='bbox 185 2764 434 2856; x_wconf 77' lang='lat' dir='ltr'>eosinveniesl</span> <span class='ocrx_word' id='word_1_71' title='bbox 448 2785 665 2854; x_wconf 87' lang='lat' dir='ltr'>Uterautem</span> <span class='ocrx_word' id='word_1_72' title='bbox 678 2805 761 2852; x_wconf 86' lang='lat' dir='ltr'>vera</span> <span class='ocrx_word' id='word_1_73' title='bbox 771 2780 1191 2880; x_wconf 80' lang='lat' dir='ltr'>dixit?Miramurquam</span> 
     </span>
     <span class='ocr_line' id='line_1_13' title="bbox 169 2907 1192 3006; baseline 0.009 -33"><span class='ocrx_word' id='word_1_74' title='bbox 169 2925 292 3005; x_wconf 76' lang='lat' dir='ltr'>‚aequo</span> <span class='ocrx_word' id='word_1_75' title='bbox 318 2912 442 2981; x_wconf 86' lang='lat' dir='ltr'>animo</span> <span class='ocrx_word' id='word_1_76' title='bbox 467 2931 523 2979; x_wconf 87' lang='lat' dir='ltr'>res</span> <span class='ocrx_word' id='word_1_77' title='bbox 548 2910 642 2978; x_wconf 88' lang='lat' dir='ltr'>inter</span> <span class='ocrx_word' id='word_1_78' title='bbox 664 2930 702 2977; x_wconf 88' lang='lat' dir='ltr'>se</span> <span class='ocrx_word' id='word_1_79' title='bbox 725 2911 925 2979; x_wconf 84' lang='lat' dir='ltr'>contrarias</span> <span class='ocrx_word' id='word_1_80' title='bbox 952 2907 1051 3006; x_wconf 89' lang='lat' dir='ltr'><strong>apud</strong></span> <span class='ocrx_word' id='word_1_81' title='bbox 1074 2915 1192 2982; x_wconf 80' lang='lat' dir='ltr'>varios</span> 
     </span>
     <span class='ocr_line' id='line_1_14' title="bbox 84 3031 1194 3127; baseline 0.001 -20"><span class='ocrx_word' id='word_1_82' title='bbox 84 3055 85 3058; x_wconf 74' lang='grc'>’</span> <span class='ocrx_word' id='word_1_83' title='bbox 181 3049 351 3107; x_wconf 74' lang='lat' dir='ltr'>auctores</span> <span class='ocrx_word' id='word_1_84' title='bbox 365 3039 528 3110; x_wconf 84' lang='lat' dir='ltr'>inventas</span> <span class='ocrx_word' id='word_1_85' title='bbox 547 3031 675 3127; x_wconf 82' lang='lat' dir='ltr'>referat</span> <span class='ocrx_word' id='word_1_86' title='bbox 693 3036 832 3103; x_wconf 78' lang='lat' dir='ltr'>Lenain</span> <span class='ocrx_word' id='word_1_87' title='bbox 851 3033 894 3102; x_wconf 87' lang='lat' dir='ltr'>de</span> <span class='ocrx_word' id='word_1_88' title='bbox 917 3032 1121 3120; x_wconf 81' lang='lat' dir='ltr'>Tillemont,</span> <span class='ocrx_word' id='word_1_89' title='bbox 1147 3036 1194 3113; x_wconf 86' lang='lat' dir='ltr'>de</span> 
     </span>
     <span class='ocr_line' id='line_1_15' title="bbox 186 3155 1193 3256; baseline 0.004 -27.992"><span class='ocrx_word' id='word_1_90' title='bbox 186 3158 323 3256; x_wconf 90' lang='lat' dir='ltr'>quibus</span> <span class='ocrx_word' id='word_1_91' title='bbox 342 3181 489 3256; x_wconf 79' lang='lat' dir='ltr'>operam</span> <span class='ocrx_word' id='word_1_92' title='bbox 501 3155 582 3229; x_wconf 83' lang='lat' dir='ltr'>aliis</span> <span class='ocrx_word' id='word_1_93' title='bbox 600 3155 662 3228; x_wconf 85' lang='lat' dir='ltr'>dat</span> <span class='ocrx_word' id='word_1_94' title='bbox 681 3171 721 3226; x_wconf 90' lang='lat' dir='ltr'>ut</span> <span class='ocrx_word' id='word_1_95' title='bbox 736 3156 915 3252; x_wconf 81' lang='lat' dir='ltr'>judicent,</span> <span class='ocrx_word' id='word_1_96' title='bbox 941 3162 1017 3256; x_wconf 87' lang='lat' dir='ltr'>ipss</span> <span class='ocrx_word' id='word_1_97' title='bbox 1035 3157 1193 3232; x_wconf 72' lang='lat' dir='ltr'>historiae</span> 
     </span>
     <span class='ocr_line' id='line_1_16' title="bbox 188 3279 916 3373; baseline -0.007 -14"><span class='ocrx_word' id='word_1_98' title='bbox 188 3288 388 3372; x_wconf 76' lang='lat' dir='ltr'><strong>materiam,</strong></span> <span class='ocrx_word' id='word_1_99' title='bbox 405 3307 480 3353; x_wconf 92' lang='lat' dir='ltr'>non</span> <span class='ocrx_word' id='word_1_100' title='bbox 496 3283 683 3356; x_wconf 78' lang='lat' dir='ltr'>historiam</span> <span class='ocrx_word' id='word_1_101' title='bbox 696 3279 894 3354; x_wconf 79' lang='lat' dir='ltr'>sufficiens.</span> <span class='ocrx_word' id='word_1_102' title='bbox 912 3367 916 3373; x_wconf 41' lang='grc'><strong>,</strong></span> 
     </span>
    </p>

    <p class='ocr_par' dir='ltr' id='par_1_4' title="bbox 185 3405 1195 3856">
     <span class='ocr_line' id='line_1_17' title="bbox 233 3405 1193 3505; baseline -0.008 -21"><span class='ocrx_word' id='word_1_103' title='bbox 233 3414 307 3484; x_wconf 87' lang='lat' dir='ltr'>Nos</span> <span class='ocrx_word' id='word_1_104' title='bbox 322 3422 441 3482; x_wconf 74' lang='lat' dir='ltr'>erstem</span> <span class='ocrx_word' id='word_1_105' title='bbox 464 3413 529 3505; x_wconf 90' lang='lat' dir='ltr'>qui</span> <span class='ocrx_word' id='word_1_106' title='bbox 549 3432 625 3479; x_wconf 91' lang='lat' dir='ltr'>non</span> <span class='ocrx_word' id='word_1_107' title='bbox 641 3405 832 3480; x_wconf 80' lang='lat' dir='ltr'>scribimus</span> <span class='ocrx_word' id='word_1_108' title='bbox 845 3405 1048 3496; x_wconf 86' lang='lat' dir='ltr'>historiam,</span> <span class='ocrx_word' id='word_1_109' title='bbox 1064 3405 1124 3481; x_wconf 82' lang='lat' dir='ltr'>sed</span> <span class='ocrx_word' id='word_1_110' title='bbox 1145 3405 1193 3479; x_wconf 87' lang='lat' dir='ltr'>de</span> 
     </span>
     <span class='ocr_line' id='line_1_18' title="bbox 186 3529 1192 3632; baseline -0.008 -24"><span class='ocrx_word' id='word_1_111' title='bbox 186 3540 354 3608; x_wconf 83' lang='lat' dir='ltr'>extremis</span> <span class='ocrx_word' id='word_1_112' title='bbox 376 3538 496 3632; x_wconf 91' lang='lat' dir='ltr'>quarti</span> <span class='ocrx_word' id='word_1_113' title='bbox 525 3532 636 3606; x_wconf 88' lang='lat' dir='ltr'>seculi</span> <span class='ocrx_word' id='word_1_114' title='bbox 664 3548 699 3603; x_wconf 88' lang='lat' dir='ltr'>et</span> <span class='ocrx_word' id='word_1_115' title='bbox 720 3530 910 3630; x_wconf 89' lang='lat' dir='ltr'>deprimis</span> <span class='ocrx_word' id='word_1_116' title='bbox 933 3537 1053 3630; x_wconf 90' lang='lat' dir='ltr'>quinti</span> <span class='ocrx_word' id='word_1_117' title='bbox 1080 3529 1192 3602; x_wconf 85' lang='lat' dir='ltr'>seculi</span> 
     </span>
     <span class='ocr_line' id='line_1_19' title="bbox 185 3656 1195 3757; baseline -0.006 -25"><span class='ocrx_word' id='word_1_118' title='bbox 185 3665 290 3732; x_wconf 89' lang='lat' dir='ltr'><strong>annis</strong></span> <span class='ocrx_word' id='word_1_119' title='bbox 302 3683 427 3731; x_wconf 90' lang='lat' dir='ltr'>verum</span> <span class='ocrx_word' id='word_1_120' title='bbox 440 3663 647 3757; x_wconf 85' lang='lat' dir='ltr'>quaerimus,</span> <span class='ocrx_word' id='word_1_121' title='bbox 659 3671 848 3756; x_wconf 86' lang='lat' dir='ltr'>quopacto</span> <span class='ocrx_word' id='word_1_122' title='bbox 858 3671 1024 3757; x_wconf 87' lang='lat' dir='ltr'><strong>suscepta</strong></span> <span class='ocrx_word' id='word_1_123' title='bbox 1033 3656 1195 3756; x_wconf 86' lang='lat' dir='ltr'>perficie-</span> 
     </span>
     <span class='ocr_line' id='line_1_20' title="bbox 187 3785 290 3856; baseline -0.019 0"><span class='ocrx_word' id='word_1_124' title='bbox 187 3785 290 3856; x_wconf 82' lang='lat' dir='ltr'>mus?</span> 
     </span>
    </p>
   </div>
   <div class='ocr_carea' id='block_1_3' title="bbox 233 3886 1192 4004">
    <p class='ocr_par' dir='ltr' id='par_1_5' title="bbox 233 3886 1192 4004">
     <span class='ocr_line' id='line_1_21' title="bbox 233 3886 1192 4004; baseline -0.004 -23"><span class='ocrx_word' id='word_1_125' title='bbox 233 3914 289 3981; x_wconf 86' lang='lat' dir='ltr'>De</span> <span class='ocrx_word' id='word_1_126' title='bbox 302 3907 493 3982; x_wconf 87' lang='lat' dir='ltr'><strong>Claudiani</strong></span> <span class='ocrx_word' id='word_1_127' title='bbox 503 3904 742 4004; x_wconf 90' lang='lat' dir='ltr'>temporibus,</span> <span class='ocrx_word' id='word_1_128' title='bbox 755 3905 926 3979; x_wconf 86' lang='lat' dir='ltr'>brevibus</span> <span class='ocrx_word' id='word_1_129' title='bbox 939 3886 1102 4003; x_wconf 90' lang='lat' dir='ltr'>quidem,</span> <span class='ocrx_word' id='word_1_130' title='bbox 1117 3901 1192 3979; x_wconf 89' lang='lat' dir='ltr'>non</span> 
     </span>
    </p>
   </div>
   <div class='ocr_carea' id='block_1_4' title="bbox 0 0 1376 4776">
    <p class='ocr_par' dir='ltr' id='par_1_6' title="bbox 0 0 1376 4776">
     <span class='ocr_line' id='line_1_22' title="bbox 0 0 1376 4776; baseline 0 0"><span class='ocrx_word' id='word_1_131' title='bbox 0 0 1376 4776; x_wconf 95' lang='lat' dir='ltr'> </span> 
     </span>
    </p>
   </div>
  </div>
 </body>
</html>
