2744 4776
592 308 749 367 ..59-

173 486 309 553 uranu,
343 489 453 560 quam
489 470 662 536 exstruxit
692 470 969 553 Constantinus,
1006 462 1053 535 ab
1086 486 1178 535 unas

175 605 345 686 tanquam
367 588 562 687 transfuga.
582 595 659 661 Jam
676 616 761 661 vero
777 615 887 688 quam
903 604 1040 661 mutata
1068 587 1178 659 rebus
1214 585 1217 590 ’

173 711 299 785 faciesl
328 715 467 786 Scilicet
495 718 558 812 qui
586 728 684 787 totus
708 729 782 785 erat
809 719 845 784 in
866 711 1061 786 Occidente
1083 711 1176 783 cele·

173 840 331 927 brando,
349 847 533 945 Orientem
548 841 857 916 vehementissime
875 847 1079 918 insectatur.

223 971 319 1039 Num
341 973 450 1064 igitur
480 967 632 1038 multum
654 990 675 1038 a
697 971 832 1053 Roma,
864 964 928 1036 illa
957 979 1059 1036 aetate
1081 967 1176 1062 peri·

175 1104 270 1181 tura,
293 1088 400 1164 distat
418 1091 755 1191 Constantinopolis
781 1117 861 1189 quae
886 1094 1090 1187 octogintos
1112 1113 1178 1160 an·

141 1196 143 1207 ¹
176 1241 242 1287 nos
261 1220 368 1288 etiam
386 1232 464 1289 tum
482 1218 677 1290 incolumis
698 1216 821 1289 l'utura
834 1218 910 1288 est?

224 1346 357 1413 Lucem
378 1344 549 1439 injiciunt
579 1348 616 1413 in
650 1345 885 1440 panegyricos
910 1344 1037 1412 satirae.
1069 1341 1179 1408 Cons-

178 1466 399 1564 tantinopoli
418 1468 548 1538 melior
567 1482 620 1538 est
639 1465 802 1565 profecto
816 1470 950 1556 Roma,
968 1488 1043 1537 non
1065 1487 1127 1561 per
1142 1485 1180 1533 se

176 1594 289 1687 ipsam
315 1589 495 1687 quidem,
531 1616 596 1664 nec
635 1606 782 1689 propter
817 1597 1084 1688 imperatorem,
1117 1584 1180 1658 sed

176 1729 324 1812 propter
349 1714 580 1800 stiliconem,
605 1721 669 1813 qui
699 1737 778 1786 eam
800 1720 890 1811 regit
916 1711 1111 1809 ducitque;
1141 1713 1179 1780 in

177 1836 240 1908 illo
257 1862 333 1919 uno
355 1844 433 1909 viro
450 1852 526 1912 tota
541 1854 594 1910 est
611 1845 740 1911 Roma.
766 1842 795 1912 A
812 1837 1063 1917 Gracchorum
1086 1849 1177 1905 tcm-

177 1961 329 2061 poribus
346 1969 469 2034 Romae
485 1989 540 2036 res
553 1990 628 2034 non
646 1962 749 2035 aliter
766 1987 803 2034 se
816 1962 1013 2034 habebant.

146 2070 150 2078 ¹
226 2088 378 2161 Ultimas
400 2095 507 2160 maris
532 2088 784 2162 Mediterranei
817 2103 935 2187 partes
966 2102 1113 2176 tenens,
1146 2099 1181 2157 et
1203 2101 1225 2116 ⁰

178 2226 270 2284 totas
294 2237 386 2308 pene
404 2214 597 2286 orientales
617 2239 697 2288 oras
722 2238 920 2312 occupanS,
939 2211 1086 2284 firmum
1106 2227 1178 2301 est,

178 2362 389 2434 quanquam
413 2347 512 2437 pravi
536 2347 606 2413 sint
621 2347 855 2438 imperatores
869 2357 904 2414 et
923 2347 1181 2440 imperatorum

179 2466 355 2550 ministri,
386 2465 559 2536 orientale
590 2472 803 2564 imperium,
832 2463 1045 2537 occidentali
1075 2468 1181 2534 etiam

180 2591 335 2684 imperio
363 2585 516 2659 firmius.
549 2595 753 2661 Provincias
785 2587 895 2660 habet
925 2587 1118 2662 ditissimas
1149 2601 1184 2658 et

181 2709 435 2802 feracissimas,
457 2714 594 2786 incolas
609 2713 808 2786 industrios
825 2728 860 2784 et
878 2712 1087 2809 negotiandi
1105 2727 1184 2815 stu-

180 2838 243 2910 dio
274 2839 457 2945 addictos,
488 2840 618 2913 classes
649 2846 756 2912 etiam
786 2855 821 2912 et
851 2847 1025 2912 exercitus
1053 2863 1129 2913 non
1164 2865 1184 2909 e

180 2962 343 3038 barbaris
376 2981 600 3053 constantes,
629 2966 690 3037 scd
720 2992 740 3038 e
769 2967 946 3039 militibus
977 2991 1000 3039 a
1025 2965 1184 3039 Thraciae

179 3090 396 3184 Graeciaeque
434 3087 620 3159 montibus
655 3087 836 3186 profectis.
872 3089 1046 3161 Ostendet
1074 3093 1183 3161 Justi-

179 3219 310 3287 nianus
328 3213 371 3285 ad
394 3230 548 3312 quantas
570 3211 625 3285 res
640 3213 806 3286 adhiberi
833 3221 972 3314 possint
987 3229 1093 3287 tantae
1114 3213 1185 3286 illae

179 3362 278 3436 opes,
294 3353 330 3410 et
345 3345 542 3411 novissimo
557 3338 749 3437 splendore
763 3340 961 3413 collucebit
974 3345 1181 3437 imperium.

227 3461 564 3561 Constantinopolis
583 3477 778 3535 retrorsum
794 3468 922 3561 posita,
944 3485 1041 3559 pone
1058 3465 1185 3532 Danu·

181 3585 283 3657 bium
297 3600 332 3657 et
349 3587 510 3658 Thraciae
528 3602 681 3676 montes,
699 3602 776 3659 tuta
792 3602 846 3663 est
859 3586 906 3659 ab
926 3591 1076 3656 incursu
1099 3583 1185 3655 bar·

180 3709 369 3798 banorum,
390 3715 453 3807 qui
482 3716 600 3808 primo
626 3718 764 3809 impetu
791 3725 1061 3808 praecurrentes,
1086 3708 1186 3782 illam

182 3860 256 3906 non
272 3841 467 3933 attingunt,
484 3841 550 3907 nisi
568 3843 746 3910 retroacti.
765 3841 806 3906 In
824 3835 1056 3907 Occidentem
1078 3839 1187 3930 igitur

181 3967 339 4034 irruunt.
370 3964 463 4031 Suus
495 3959 849 4062 Constantinopolim
888 3965 976 4033 situs
1014 3965 1182 4054 servavit,
