2744 4776
530 419 536 428 ,
603 346 757 406 nat-

184 516 256 573 tam
278 518 313 573 et
333 518 406 576 tarn
425 503 650 602 splendidam
666 502 887 578 Claudianus
902 504 1089 603 depingit?
1108 511 1192 604 lpse

182 642 303 699 autern
332 634 374 699 iis
393 655 474 726 quae
502 629 699 701 contradici
719 634 858 729 possint
882 630 979 701 ultro
1006 635 1189 719 occurrit,

183 753 371 851 multaque
401 760 437 824 in
463 756 540 850 ejus
560 754 782 827 carminibus
800 760 973 842 invenias,
991 760 1028 825 in
1051 756 1191 851 quibus

184 904 259 950 non
288 879 459 951 laetiorem
479 905 545 952 nec
568 885 807 979 potentiorem
829 885 981 952 Romam
999 887 1186 980 expressit.

186 1007 351 1101 Namque
369 1003 415 1077 de
448 1011 551 1077 novis
575 1005 759 1080 moenibus
785 1031 884 1103 quac,
911 1005 1188 1081 imminentibus

184 1132 298 1218 Getis,
320 1155 439 1232 nuper
462 1145 640 1203 exstructa
658 1131 818 1222 suerunt,
840 1145 876 1203 et
902 1130 1046 1227 quibus
1062 1135 1187 1203 Romae

183 1259 317 1353 species
331 1254 521 1354 pulchrior
535 1271 598 1341 est,
617 1256 725 1328 dicit:

324 1463 493 1536 Profecitque
508 1465 595 1537 opifex
608 1465 696 1522 decori
712 1466 835 1523 timor...
852 1467 898 1533 (t).
930 1514 933 1520 .

229 1640 473 1735 Claudianus,
495 1650 557 1742 qui
581 1671 698 1744 nuper
718 1651 885 1719 Minervae
906 1651 1058 1718 Romam
1084 1671 1185 1718 com·

180 1766 343 1863 parabat,
360 1795 459 1842 nunc
475 1794 568 1842 nova
581 1775 693 1842 utitur
707 1769 836 1870 ligura,
854 1797 873 1843 a
890 1776 1009 1870 priore
1024 1769 1182 1844 multum

178 1891 316 1967 diversa
331 1922 339 1966 ε

324 2101 405 2158 Exitti
417 2103 472 2174 jam
485 2103 568 2160 Roma
581 2103 690 2172 timens,
702 2108 730 2161 et
742 2103 815 2160 fessa
830 2102 936 2175 negatis

324 2200 466 2272 Frugibus,
481 2202 515 2257 ad
529 2202 616 2276 rapidi
631 2201 714 2258 limen
724 2200 853 2260 tendebat
864 2199 987 2276 Olympi,

322 2299 382 2356 Non
399 2299 477 2356 solito
486 2299 576 2371 vultu,
587 2315 640 2356 non
652 2299 738 2371 qualis
746 2301 808 2372 jura
819 2299 956 2356 Britannis

323 2397 439 2467 Dividit,
452 2403 499 2455 aut
509 2398 629 2472 trepidos
641 2399 775 2457 submittit
790 2399 908 2456 fascibus
919 2398 999 2456 Indos
1013 2415 1020 2454 ε

323 2496 382 2554 Vox
392 2498 490 2567 tenuis,
504 2498 627 2572 tardique
640 2499 750 2571 gradus,
762 2498 885 2570 oculique
898 2497 1012 2557 latentes

322 2595 457 2652 Interius:
473 2597 568 2653 sedere
580 2612 668 2668 genae,
682 2598 773 2670 jejuna
784 2596 900 2652 lacertos

323 2693 419 2749 Exedit
432 2695 547 2763 macies3
561 2694 682 2752 humeris
692 2695 737 2751 vix
755 2694 869 2751 sustinet
882 2695 962 2766 aegris

320 2792 493 2864 squalentem
504 2793 641 2864 clypeum;
656 2794 745 2848 laxata
754 2792 859 2849 casside
870 2792 961 2865 prodit

320 2871 461 2959 Canitiem,
478 2891 639 2963 plenamque
652 2890 736 2947 trahit
747 2890 879 2963 rubiginis
889 2891 996 2947 hastam
1008 2894 1055 2960 (2).

237 3075 333 3141 Durn
361 3075 397 3140 in
426 3095 462 3142 se
493 3071 585 3142 redit
611 3070 833 3142 Claudianus
865 3094 1004 3168 suaque
1035 3076 1181 3167 vestigia

181 3194 372 3290 recolligit,
401 3194 484 3265 illos
511 3219 595 3264 sanc
620 3195 774 3266 multum
795 3197 909 3291 juvat,
940 3195 1076 3293 quibus
1108 3221 1182 3267 car·

181 3325 276 3390 mina
294 3321 371 3414 ejus
392 3323 547 3389 maxime
565 3333 730 3417 suspecta
749 3334 846 3390 sunt.
868 3318 935 3391 Sed
952 3325 989 3390 in
1009 3320 1080 3391 hoc
1102 3325 1181 3418 ipso

180 3469 340 3542 regressu
375 3468 450 3513 non
483 3457 536 3514 est
560 3441 705 3533 modus,
737 3469 812 3514 non
848 3458 933 3514 sunt
962 3449 1049 3515 certi
1074 3443 1179 3518 fines.

72 3620 75 3626 ·
179 3573 313 3642 Versus
327 3574 424 3640 enirn
438 3568 522 3640 fecit
540 3584 658 3667 poeta,
676 3568 804 3668 populi
822 3568 906 3641 cibo
925 3567 1182 3666 frumentoque

215 3891 249 3964 (t)
269 3892 397 3946 Detecto
417 3890 559 3948 consulatu
572 3891 687 3946 Honorii
696 3890 823 3961 depasti,
835 3905 861 3946 v.
875 3892 937 3946 tat.

215 3993 251 4058 (t)
271 3989 307 4043 De
320 3987 396 4044 Bello
412 3987 569 4057 Gildodico,
586 4004 614 4047 v.
628 3987 672 4042 tt.
