2744 4776
617 295 757 354 ..a-

178 464 314 541 autern,
331 449 406 523 fere
426 464 513 538 tota,
528 464 569 522 ut
589 455 638 523 ita
653 449 786 541 dicam,
805 447 874 521 sibi
895 445 1053 520 vlndicat
1074 447 1198 520 histo·

179 579 244 647 ria.
272 578 361 669 Quae
387 575 536 674 quidem
559 590 622 648 aut
648 553 856 677 panegyrici
875 588 938 646 aut
954 578 1070 646 satirae
1089 587 1192 646 sunt.

180 699 321 773 Laudat
349 706 446 773 enirn
477 699 687 773 stiliconem
710 699 947 792 Claudianus,
971 724 1047 771 uon
1077 698 1195 771 modo

183 823 272 898 duur
299 830 447 899 virtutes
471 826 549 921 ejus
576 839 612 897 et
639 823 892 898 fortitudinem
921 824 1108 924 praedicat,
1128 823 1193 896 sed

181 956 288 1023 etiam
303 950 391 1024 dum
413 949 564 1023 aemulos
576 950 757 1024 stiliconis
770 965 806 1024 et
819 955 1000 1042 inimicos,
1012 948 1195 1022 Rufinum

181 1091 217 1148 et
235 1080 464 1176 Eutropium,
484 1081 619 1150 meritis
633 1075 797 1174 quidem,
819 1076 882 1148 sed
901 1075 1041 1149 acerbis
1059 1089 1195 1147 contu·

181 1200 298 1273 meliis
311 1207 552 1300 persequitur.

231 1330 532 1424 Panegyricorum
562 1341 774 1424 argumenta
802 1341 888 1398 sunt
911 1330 1051 1414 tertius,
1077 1349 1193 1423 quar·

182 1465 240 1523 tus
265 1467 460 1550 sextusque
483 1456 637 1524 Honorii
659 1451 892 1542 consulatus3
923 1466 1092 1550 praterea
1111 1448 1193 1521 Gil-

182 1573 357 1650 donicum
390 1576 557 1666 bellum,
578 1592 613 1649 et
638 1574 787 1648 Probini
807 1575 1043 1676 Olybriique,
1080 1574 1191 1646 Probi

182 1701 366 1793 filiorum,
397 1720 433 1777 et
461 1703 572 1777 Flavii
596 1702 710 1778 Mallii
734 1704 918 1777 Theodori
950 1680 1190 1778 consulatus:

181 1826 318 1922 quibus
331 1827 501 1903 addenda
513 1833 622 1902 etiam
637 1827 683 1901 de
699 1829 882 1902 stiliconis
900 1828 1074 1902 laudibus
1093 1841 1129 1900 ct
1146 1826 1194 1898 de

182 1951 279 2026 bello
298 1960 425 2031 Getico
444 1961 644 2030 carmina·

229 2083 360 2154 Satiras
377 2087 471 2154 inter
481 2080 747 2154 annumerandi
762 2095 847 2154 sunt
859 2080 945 2156 libri
958 2088 995 2155 in
1011 2078 1186 2157 Rufinum

80 2213 86 2226 ⁴
181 2215 216 2292 et
239 2207 276 2275 iu
292 2209 512 2304 Eutropium
535 2209 671 2303 scripti.

664 2784 724 2867 lll

484 3093 612 3153 Tiresia
632 3101 895 3170 argumentum.

233 3449 304 3520 Seu
318 3467 374 3518 res
393 3448 547 3517 Honorii
561 3460 596 3518 et
609 3445 792 3522 Stiliconis
810 3464 937 3524 tractat
950 3450 1186 3542 Claudianus,

184 3591 250 3642 seu
277 3568 322 3642 de
345 3568 498 3644 Arcadio
525 3570 743 3671 Arcadiique
775 3580 948 3648 ministris
974 3578 1121 3670 scribit,
1150 3575 1187 3648 id

183 3719 301 3767 unum
314 3719 455 3796 semper
472 3697 618 3771 studere
631 3697 786 3791 videtur,
800 3716 843 3773 ut
855 3702 1089 3777 Occidentem
1109 3703 1189 3776 lau·

183 3817 266 3912 det,
287 3835 322 3894 et
353 3824 538 3896 Orientem
568 3821 771 3924 deprimam
804 3851 871 3901 nec
901 3827 1001 3903 aliud
1029 3833 1062 3901 ei
1100 3853 1191 3930 prae·

182 3942 306 4021 buisse
320 3946 508 4063 historiam
523 3947 622 4025 dicas
641 3975 752 4053 quam
769 3951 994 4033 celebrandae
1013 3960 1136 4031 Romae
1154 3967 1190 4031 et
