2744 4776
511 1217 567 1274 lie
588 1214 694 1275 Bello
715 1215 853 1275 Getico.

230 1584 334 1652 Nunc
352 1577 396 1651 ad
414 1579 603 1668 barbaros,
626 1578 821 1676 dequibus
836 1579 910 1677 jam
933 1577 1104 1671 diximus,
1127 1605 1183 1653 re·

181 1705 258 1779 dire
271 1731 415 1778 necesse
429 1722 492 1779 est.
512 1711 552 1778 Iu
569 1706 663 1779 libro
678 1710 774 1777 enim
791 1703 837 1775 de
851 1703 950 1775 bello
966 1708 1091 1779 Getico
1106 1705 1186 1804 pln-

181 1840 270 1907 rima
292 1839 516 1904 inveniemus
532 1848 567 1903 et
589 1832 776 1905 utilissima
791 1839 958 1932 cognitu,
975 1831 1019 1904 ad
1043 1831 1181 1902 bellurn

174 1982 279 2030 'armo
297 1959 368 2044 403
392 1973 512 2030 actum
531 1964 757 2056 pertinentia.

231 2088 367 2155 Tantus
385 2097 461 2155 erat
479 2083 589 2154 italice
607 2098 735 2174 terror,
752 2099 794 2155 ut
812 2083 857 2157 ad
873 2091 1041 2180 antiquas
1060 2108 1186 2182 super·

181 2214 344 2282 stitioues
355 2213 750 2307 reverteretur.Nempe
760 2207 984 2282 Claudianus
981 2208 1186 2325 populares

181 2334 326 2433 collegit
347 2360 535 2407 rumores:
559 2335 803 2434 terribilisque
823 2333 980 2436 prodigii
1000 2337 1074 2434 ipse
1090 2339 1187 2405 testis

181 2458 251 2531 fuit
269 2465 475 2533 Honorius:

323 2630 376 2686 Sed
388 2630 497 2700 gravius
509 2635 612 2686 mentes
626 2643 757 2686 cesorum
768 2633 873 2686 ostenta
884 2629 1007 2702 luporum

323 2727 484 2783 Horriiicant
496 2746 502 2781 ι
514 2727 567 2784 (1υο
581 2728 681 2800 quippe
695 2727 765 2800 lupis
779 2727 829 2782 sub
840 2727 969 2801 principis
978 2743 1040 2797 ora,

325 2829 393 2882 Dum
407 2827 509 2900 campis
521 2832 627 2882 exercet
641 2841 734 2897 equos,
746 2826 875 2884 violenter
887 2826 973 2884 adorti

323 2924 435 2994 Agmon,
448 2928 476 2979 et
487 2924 591 2995 excepti
603 2922 672 2987 telis,
686 2924 803 2979 immane
817 2923 901 2980 relatu

325 3021 487 3091 Prodigium,
499 3021 647 3093 miramque
659 3027 749 3085 notam
763 3021 863 3078 duxere
876 3021 969 3079 iuturi.

324 3117 393 3172 Nam
407 3116 485 3172 simul
501 3117 617 3173 humano
628 3119 750 3189 geminas
763 3118 796 3174 de
808 3133 919 3192 corpore
931 3117 1036 3192 palmas

325 3216 443 3286 Utraque
453 3216 582 3288 perfossis
594 3216 686 3272 emisit
703 3217 791 3273 bellua
802 3217 899 3287 costis;

322 3311 369 3367 lllo
380 3311 449 3368 laeva
460 3318 586 3381 tremens,
601 3312 652 3368 hoc
664 3312 783 3382 dextera,
799 3319 892 3369 ventre
907 3313 1027 3370 latebant

326 3409 438 3466 intentis
451 3411 540 3468 ambas
556 3411 656 3483 digitis,
667 3417 695 3469 et
708 3412 838 3482 sanguine
850 3412 912 3468 vivo
923 3413 971 3484 tt).

231 3573 315 3640 Post
334 3568 466 3640 Alarici
486 3594 664 3641 recessum
694 3576 814 3668 potuit
843 3570 1065 3643 Claudianus
1094 3573 1186 3646 illud

183 3709 384 3765 monstrum
411 3709 451 3765 ut
477 3701 633 3767 victoriae
657 3701 898 3793 praenuntium
927 3705 1185 3796 iuterpretatit

182 3821 244 3894 sed
259 3827 423 3892 veniente
442 3820 599 3909 Alarico,
617 3820 718 3892 Italia
737 3836 813 3893 erat
830 3827 1038 3920 perterrita,

220 4061 256 4134 (t)
277 4061 314 4116 lle
327 4060 401 4117 Bello
417 4061 517 4127 Getico,
536 4062 599 4116 att.
615 4077 642 4116 v.
