2744 4776
604 298 762 358 ..30-

226 461 261 528 si
275 480 397 528 verum
414 457 533 548 dicere
547 455 712 546 velimus,
735 472 847 530 totam
862 462 934 530 vim
954 462 1071 534 Roma
1083 484 1183 533 non·

179 579 268 652 dum
295 585 435 670 amisi13
471 581 681 680 impendent
701 583 802 655 mulne
825 582 919 671 dies,
951 597 986 655 nt
1014 585 1185 657 nondum

178 704 324 777 adsunt.
363 712 448 777 Post
476 713 678 780 Honorium
712 714 834 781 nescio
864 708 951 808 quid
981 708 1119 780 robusti
1150 725 1186 782 et

179 829 360 929 splendidi
371 831 568 907 identidem
584 840 688 906 etiarn
706 850 782 907 ium
794 828 954 935 apparet,
970 848 1056 906 teste
1064 839 1184 926 Aetio,

177 969 266 1028 toste
281 958 497 1054 Majoriano.

578 1912 787 1995 imperuim.

228 2307 269 2381 Id
286 2314 323 2381 iu
338 2307 529 2383 Claudiani
545 2310 684 2407 seriptis
695 2323 747 2380 est
763 2313 941 2408 imprimis
956 2313 1185 2387 animadver-

181 2435 346 2524 tendum,
377 2437 568 2505 maximnm
594 2437 703 2505 menti
726 2435 804 2531 ojus
827 2434 1052 2508 obversatam
1076 2436 1188 2512 fuisse

179 2562 406 2659 imperatoris
445 2557 613 2656 effigiem.
655 2561 779 2649 Quum
816 2565 1019 2632 Honorium
1061 2560 1188 2634 laudnt

181 2683 424 2783 praedicatque
442 2681 703 2775 Theodosium,
724 2681 840 2758 fateor
858 2708 941 2756 eum
965 2691 1073 2763 nimia
1096 2692 1185 2786 pue·

182 2815 242 2883 tici
274 2814 479 2910 panegyrici
512 2806 795 2907 amplificatione
825 2809 1016 2910 abreptum
1048 2837 1069 2884 a
1099 2838 1186 2885 vern

182 2935 378 3012 discedere.
394 2933 461 3007 Sed
482 2959 556 3005 non
583 2931 710 3005 inillis
734 2948 874 3006 mutum
890 2934 1080 3008 Claudiani
1103 2936 1185 3009 luu-

181 3060 291 3133 dibus
311 3060 533 3158 deprehendi
554 3075 673 3158 potest
691 3066 917 3158 imperatoris
948 3064 1184 3161 magnitud03

182 3211 223 3257 ea
254 3185 392 3282 ubique
419 3191 598 3276 occurrit,
632 3200 762 3257 cuncta
783 3202 896 3284 poetes
911 3213 1018 3287 opere
1038 3185 1187 3288 supere·

185 3317 310 3385 minet.

232 3443 449 3537 Repetamus
461 3442 570 3524 enim,
585 3452 739 3510 utentes
751 3439 826 3535 jam
840 3436 1010 3529 diximus,
1025 3453 1187 3538 tempora

184 3562 321 3662 quibus
335 3561 395 3633 ille
410 3560 601 3634 scribebat.
617 3565 827 3660 Imperium,
844 3568 1009 3659 quamvis
1023 3586 1045 3633 a
1057 3561 1187 3633 barba·

184 3695 232 3760 ris
246 3710 423 3786 pressum,
441 3684 512 3757 illis
526 3712 632 3783 aequn
652 3691 764 3757 Marte
784 3684 1058 3776 obluctabatur3
1077 3691 1187 3784 irnpe-

185 3827 319 3885 ratores
330 3809 494 3882 nondum
509 3827 715 3909 etpugnare
726 3827 760 3882 ei
770 3817 912 3884 vincere
922 3810 1183 3882 dedidicerant.

184 3943 256 4012 Nec
273 3935 375 4008 multi
388 3960 473 4008 sane
487 3941 571 4007 anni
583 3935 672 4035 lapsi
686 3951 800 4026 erant,
818 3961 860 4008 ex
872 3961 948 4034 quo
963 3935 1186 4010 Valentinis·
