2744 4776
598 291 760 352 ..ιῖ-

227 450 372 545 Optima
389 446 537 546 quidem
557 447 679 538 verba,
701 446 762 519 sed
785 445 921 518 tardius
940 445 1048 518 dicta.
1066 451 1185 518 Cons-

178 577 339 643 tantinus
355 579 452 672 enim
469 577 619 675 Romam
640 572 822 675 deserenS,
847 597 925 644 earn
942 571 987 678 ad
1007 571 1187 643 inelucta-

179 695 289 768 bilem
307 704 448 769 ruinam
470 698 714 771 damnaverat.

226 821 369 893 Alarico
384 848 426 893 ex
439 824 542 897 Italia
558 824 677 923 pulsu,
692 829 876 895 Honorius
891 828 1043 894 Romam
1058 827 1186 893 trium·

179 945 241 1043 phi
256 972 362 1018 causa
377 946 490 1039 venit3
507 953 878 1046 quantaestomninm
892 944 1031 1020 laetitia!
1047 963 1187 1045 quanta

178 1069 388 1144 admiratiol
411 1077 534 1168 Quum
551 1091 672 1147 antem
685 1073 908 1149 Claudianus
929 1073 975 1147 ad
993 1078 1188 1172 imperato-

179 1200 227 1266 ris
242 1204 450 1270 memoriam
471 1215 613 1272 revocat
633 1199 760 1300 populi
779 1198 953 1296 gaudium
970 1213 1005 1268 et
1020 1197 1184 1294 plausus,

178 1318 256 1390 vult
274 1345 358 1393 sane
372 1321 426 1393 illi
440 1323 592 1396 suadere
609 1341 645 1396 nt
660 1329 694 1394 io
708 1330 885 1397 Caesarum
905 1321 1033 1421 palatia
1048 1321 1182 1392 redeat.

228 1443 429 1519 Claudiano
457 1453 565 1546 igitur
590 1448 767 1521 suadendi
795 1473 852 1520 ars
877 1472 952 1518 non
980 1445 1088 1533 deest,
1120 1450 1185 1540 qni

178 1592 318 1668 semper
332 1577 495 1645 Honorio
516 1573 719 1674 exemplum
741 1599 815 1679 non
833 1570 1077 1670 respuendum
1099 1595 1184 1667 pro-

179 1700 296 1793 ponit,
330 1721 459 1796 nempe
489 1713 626 1797 patrem
656 1705 781 1798 ipsius,
815 1723 984 1795 magnum
1014 1694 1183 1767 Theodo-

177 1822 286 1890 sium.

229 1944 455 2019 Theodosius
481 1954 590 2037 enim,
622 1974 689 2020 nec
713 1974 777 2047 per
802 1946 988 2019 fortuitam
1014 1938 1185 2016 naacendi

180 2067 443 2164 conditionem,
457 2097 523 2145 nec
538 2098 601 2172 per
613 2072 864 2161 ambitionem,
881 2075 1033 2169 irnperio
1047 2074 1198 2169 potitus·

181 2209 253 2284 est3

294 2468 297 2473 ῃ
320 2397 404 2471 Digna
416 2397 468 2474 tegi
478 2397 577 2471 virtus3
590 2398 658 2455 ultro
672 2414 701 2456 se
715 2414 835 2479 purpura
847 2397 959 2473 supplex

322 2495 435 2569 Obtulit,
447 2502 475 2554 et
487 2495 558 2554 solus
570 2497 669 2554 meruit
680 2514 792 2573 regnare
805 2503 913 2571 rogatus
926 2497 972 2568 (t).

217 2624 219 2628 ·
324 2597 344 2650 .‘
468 2636 474 2649 .
513 2596 881 2666 Enaureanascituraetas;

320 2692 362 2747 En
371 2693 459 2766 proles
473 2695 583 2766 antiqua
595 2694 674 2750 redit.
689 2690 845 2764 Concordia,
859 2693 956 2760 virtus,

321 2789 440 2867 Cumque
452 2790 503 2847 fide
518 2792 605 2867 pietas
615 2791 668 2847 alta
679 2791 783 2847 cervice
795 2795 947 2862 vagantum

320 2986 437 3043 iustitia.
478 3025 486 3043 .
526 3029 533 3042 .
573 3029 580 3042 .
618 2985 665 3060 (t).

228 3166 434 3239 Theodosio
448 3160 657 3271 imperante,
672 3191 742 3267 pax
755 3167 850 3239 alma
863 3192 929 3238 nec
943 3166 1183 3239 barbarorum

181 3291 455 3387 vastationibus,
469 3318 535 3369 nec
550 3292 686 3369 ducum
704 3292 892 3365 rebellium
909 3299 956 3363 im
961 3297 1018 3390 pia
1034 3290 1185 3365 audacia

182 3415 325 3489 turbata
344 3432 409 3489 eat.
432 3418 658 3493 Theodosius
680 3448 696 3485 ιι
716 3419 939 3518 triumphato
959 3418 1006 3490 ab
1027 3424 1119 3489 Istro
1139 3424 1185 3488 si·

181 3566 250 3638 gna
263 3541 361 3614 flexit
373 3574 389 3610 a
405 3544 449 3616 ad
464 3545 618 3634 Italiam,
634 3559 675 3616 ut
689 3551 888 3616 Mariorum
904 3549 1080 3634 Gratiani,
1096 3543 1181 3698 lgg’
1192 3533 1223 3598 3·

219 3852 256 3923 ll)
275 3852 313 3907 De
328 3858 423 3924 quarto
438 3850 580 3908 consulatu
595 3852 710 3908 Honorii
724 3853 853 3928 Aupusii,
864 3871 890 3910 v.
908 3855 952 3910 li.

217 3948 254 4022 (2)
273 3951 306 4005 ln
319 3949 464 4022 littfinum,
477 3949 524 4006 lib.
541 3951 566 4020 l,
582 3966 609 4005 v.
625 3953 671 4008 50.
