<?xml version="1.0" encoding="UTF-8"?>
<!DOCTYPE html PUBLIC "-//W3C//DTD XHTML 1.0 Transitional//EN"
    "http://www.w3.org/TR/xhtml1/DTD/xhtml1-transitional.dtd">
<html xmlns="http://www.w3.org/1999/xhtml" xml:lang="en" lang="en">
 <head>
  <title>
</title>
<meta http-equiv="Content-Type" content="text/html;charset=utf-8" />
  <meta name='ocr-system' content='tesseract 3.04.00' />
  <meta name='ocr-capabilities' content='ocr_page ocr_carea ocr_par ocr_line ocrx_word'/>
</head>
<body>
  <div class='ocr_page' id='page_1' title='image "./quidadhistoriam00chotgoog_0055.png"; bbox 0 0 2744 4776; ppageno 0'>
   <div class='ocr_carea' id='block_1_1' title="bbox 600 1137 762 1199">
    <p class='ocr_par' dir='ltr' id='par_1_1' title="bbox 600 1137 762 1199">
     <span class='ocr_line' id='line_1_1' title="bbox 600 1137 762 1199; baseline 0.025 -4"><span class='ocrx_word' id='word_1_1' title='bbox 600 1137 762 1199; x_wconf 75' lang='lat' dir='ltr'><strong>ssttteo.</strong></span> 
     </span>
    </p>
   </div>
   <div class='ocr_carea' id='block_1_2' title="bbox 168 1462 1179 2433">
    <p class='ocr_par' dir='ltr' id='par_1_2' title="bbox 168 1462 1179 2433">
     <span class='ocr_line' id='line_1_2' title="bbox 218 1462 1179 1565; baseline 0.002 -28"><span class='ocrx_word' id='word_1_2' title='bbox 218 1469 254 1538; x_wconf 88' lang='lat' dir='ltr'><strong>si</strong></span> <span class='ocrx_word' id='word_1_3' title='bbox 279 1487 440 1563; x_wconf 91' lang='lat' dir='ltr'><strong>unquam</strong></span> <span class='ocrx_word' id='word_1_4' title='bbox 464 1462 577 1554; x_wconf 91' lang='lat' dir='ltr'><strong>alias,</strong></span> <span class='ocrx_word' id='word_1_5' title='bbox 596 1488 679 1562; x_wconf 83' lang='lat' dir='ltr'><strong>erga</strong></span> <span class='ocrx_word' id='word_1_6' title='bbox 700 1463 911 1538; x_wconf 80' lang='lat' dir='ltr'><strong>stiliconem</strong></span> <span class='ocrx_word' id='word_1_7' title='bbox 931 1469 1113 1565; x_wconf 75' lang='lat' dir='ltr'>praecipue</span> <span class='ocrx_word' id='word_1_8' title='bbox 1138 1473 1179 1539; x_wconf 89' lang='lat' dir='ltr'><strong>in</strong></span> 
     </span>
     <span class='ocr_line' id='line_1_3' title="bbox 168 1586 1178 1687; baseline 0.004 -27"><span class='ocrx_word' id='word_1_9' title='bbox 168 1588 362 1687; x_wconf 80' lang='lat' dir='ltr'>largiendis</span> <span class='ocrx_word' id='word_1_10' title='bbox 385 1587 557 1661; x_wconf 85' lang='lat' dir='ltr'>laudibus</span> <span class='ocrx_word' id='word_1_11' title='bbox 578 1586 716 1660; x_wconf 84' lang='lat' dir='ltr'><strong>effusus</strong></span> <span class='ocrx_word' id='word_1_12' title='bbox 734 1587 804 1661; x_wconf 84' lang='lat' dir='ltr'><strong>fuit</strong></span> <span class='ocrx_word' id='word_1_13' title='bbox 821 1587 1057 1663; x_wconf 85' lang='lat' dir='ltr'><strong>Claudianus.</strong></span> <span class='ocrx_word' id='word_1_14' title='bbox 1082 1595 1178 1664; x_wconf 88' lang='lat' dir='ltr'><strong>Eum</strong></span> 
     </span>
     <span class='ocr_line' id='line_1_4' title="bbox 169 1711 1173 1812; baseline 0.002 -27"><span class='ocrx_word' id='word_1_15' title='bbox 169 1717 361 1812; x_wconf 82' lang='lat' dir='ltr'><strong>gratissimi</strong></span> <span class='ocrx_word' id='word_1_16' title='bbox 381 1717 494 1785; x_wconf 92' lang='lat' dir='ltr'><strong>animi</strong></span> <span class='ocrx_word' id='word_1_17' title='bbox 518 1711 684 1785; x_wconf 85' lang='lat' dir='ltr'><strong>sensibus</strong></span> <span class='ocrx_word' id='word_1_18' title='bbox 714 1719 841 1786; x_wconf 91' lang='lat' dir='ltr'><strong>merito</strong></span> <span class='ocrx_word' id='word_1_19' title='bbox 860 1713 1173 1812; x_wconf 78' lang='lat' dir='ltr'><strong>prosequebatur3</strong></span> 
     </span>
     <span class='ocr_line' id='line_1_5' title="bbox 168 1836 1177 1938; baseline 0.003 -27"><span class='ocrx_word' id='word_1_20' title='bbox 168 1836 215 1911; x_wconf 87' lang='lat' dir='ltr'><strong>ad</strong></span> <span class='ocrx_word' id='word_1_21' title='bbox 242 1836 448 1910; x_wconf 90' lang='lat' dir='ltr'><strong>Stiliconem</strong></span> <span class='ocrx_word' id='word_1_22' title='bbox 472 1842 571 1911; x_wconf 88' lang='lat' dir='ltr'><strong>eni-m</strong></span> <span class='ocrx_word' id='word_1_23' title='bbox 596 1852 709 1936; x_wconf 87' lang='lat' dir='ltr'><strong>poetae</strong></span> <span class='ocrx_word' id='word_1_24' title='bbox 733 1864 833 1938; x_wconf 90' lang='lat' dir='ltr'><strong>opes,</strong></span> <span class='ocrx_word' id='word_1_25' title='bbox 858 1838 1039 1929; x_wconf 91' lang='lat' dir='ltr'><strong>honores,</strong></span> <span class='ocrx_word' id='word_1_26' title='bbox 1060 1838 1177 1937; x_wconf 84' lang='lat' dir='ltr'><strong>gloria</strong></span> 
     </span>
     <span class='ocr_line' id='line_1_6' title="bbox 170 1961 1177 2064; baseline 0.004 -30"><span class='ocrx_word' id='word_1_27' title='bbox 170 1961 291 2036; x_wconf 80' lang='lat' dir='ltr'><strong>forsan</strong></span> <span class='ocrx_word' id='word_1_28' title='bbox 303 1966 380 2064; x_wconf 90' lang='lat' dir='ltr'><strong>ipsa</strong></span> <span class='ocrx_word' id='word_1_29' title='bbox 389 1961 575 2035; x_wconf 89' lang='lat' dir='ltr'><strong>referenda</strong></span> <span class='ocrx_word' id='word_1_30' title='bbox 587 1975 684 2035; x_wconf 87' lang='lat' dir='ltr'><strong>sunt.</strong></span> <span class='ocrx_word' id='word_1_31' title='bbox 698 1967 854 2034; x_wconf 80' lang='lat' dir='ltr'><strong>Peneum</strong></span> <span class='ocrx_word' id='word_1_32' title='bbox 864 1968 976 2053; x_wconf 87' lang='lat' dir='ltr'><strong>enim,</strong></span> <span class='ocrx_word' id='word_1_33' title='bbox 986 1961 1177 2063; x_wconf 87' lang='lat' dir='ltr'><strong>repudiata</strong></span> 
     </span>
     <span class='ocr_line' id='line_1_7' title="bbox 170 2085 1177 2186; baseline 0.001 -27"><span class='ocrx_word' id='word_1_34' title='bbox 170 2091 293 2159; x_wconf 88' lang='lat' dir='ltr'><strong>Graeca</strong></span> <span class='ocrx_word' id='word_1_35' title='bbox 309 2086 446 2185; x_wconf 83' lang='lat' dir='ltr'><strong>lingua,</strong></span> <span class='ocrx_word' id='word_1_36' title='bbox 458 2091 584 2160; x_wconf 90' lang='lat' dir='ltr'><strong>Latina</strong></span> <span class='ocrx_word' id='word_1_37' title='bbox 599 2085 725 2184; x_wconf 87' lang='lat' dir='ltr'><strong>lingua</strong></span> <span class='ocrx_word' id='word_1_38' title='bbox 742 2111 828 2158; x_wconf 87' lang='lat' dir='ltr'><strong>usus</strong></span> <span class='ocrx_word' id='word_1_39' title='bbox 843 2101 907 2158; x_wconf 88' lang='lat' dir='ltr'><strong>est.</strong></span> <span class='ocrx_word' id='word_1_40' title='bbox 926 2090 1049 2178; x_wconf 89' lang='lat' dir='ltr'><strong>Quum</strong></span> <span class='ocrx_word' id='word_1_41' title='bbox 1065 2091 1177 2186; x_wconf 85' lang='lat' dir='ltr'><strong>igitur</strong></span> 
     </span>
     <span class='ocr_line' id='line_1_8' title="bbox 169 2209 1176 2301; baseline 0.001 -18"><span class='ocrx_word' id='word_1_42' title='bbox 169 2229 261 2284; x_wconf 78' lang='lat' dir='ltr'><strong>eum·</strong></span> <span class='ocrx_word' id='word_1_43' title='bbox 273 2210 496 2283; x_wconf 77' lang='lat' dir='ltr'><strong>carminibus</strong></span> <span class='ocrx_word' id='word_1_44' title='bbox 516 2216 591 2282; x_wconf 89' lang='lat' dir='ltr'><strong>suis</strong></span> <span class='ocrx_word' id='word_1_45' title='bbox 605 2209 781 2301; x_wconf 79' lang='lat' dir='ltr'><strong>celebrat,</strong></span> <span class='ocrx_word' id='word_1_46' title='bbox 798 2236 872 2283; x_wconf 91' lang='lat' dir='ltr'><strong>non</strong></span> <span class='ocrx_word' id='word_1_47' title='bbox 888 2211 1090 2285; x_wconf 79' lang='lat' dir='ltr'><strong>adulationi</strong></span> <span class='ocrx_word' id='word_1_48' title='bbox 1109 2217 1176 2284; x_wconf 88' lang='lat' dir='ltr'><strong>tri·</strong></span> 
     </span>
     <span class='ocr_line' id='line_1_9' title="bbox 171 2335 1177 2433; baseline 0.003 -25"><span class='ocrx_word' id='word_1_49' title='bbox 171 2335 325 2410; x_wconf 86' lang='lat' dir='ltr'><strong>buendae</strong></span> <span class='ocrx_word' id='word_1_50' title='bbox 343 2350 430 2409; x_wconf 92' lang='lat' dir='ltr'><strong>sunt</strong></span> <span class='ocrx_word' id='word_1_51' title='bbox 451 2338 530 2433; x_wconf 89' lang='lat' dir='ltr'><strong>ejus</strong></span> <span class='ocrx_word' id='word_1_52' title='bbox 557 2335 704 2426; x_wconf 88' lang='lat' dir='ltr'><strong>landes;</strong></span> <span class='ocrx_word' id='word_1_53' title='bbox 725 2336 780 2409; x_wconf 90' lang='lat' dir='ltr'><strong>vel</strong></span> <span class='ocrx_word' id='word_1_54' title='bbox 806 2337 896 2408; x_wconf 90' lang='lat' dir='ltr'><strong>dnm</strong></span> <span class='ocrx_word' id='word_1_55' title='bbox 915 2336 1035 2410; x_wconf 86' lang='lat' dir='ltr'><strong>verbis</strong></span> <span class='ocrx_word' id='word_1_56' title='bbox 1052 2343 1177 2411; x_wconf 89' lang='lat' dir='ltr'><strong>nimiis</strong></span> 
     </span>
    </p>
   </div>
   <div class='ocr_carea' id='block_1_3' title="bbox 169 2459 1177 3158">
    <p class='ocr_par' dir='ltr' id='par_1_3' title="bbox 170 2459 1107 2562">
     <span class='ocr_line' id='line_1_10' title="bbox 170 2459 1107 2562; baseline -0.002 -28"><span class='ocrx_word' id='word_1_57' title='bbox 170 2463 303 2553; x_wconf 82' lang='lat' dir='ltr'><strong>utitur,</strong></span> <span class='ocrx_word' id='word_1_58' title='bbox 323 2464 471 2533; x_wconf 86' lang='lat' dir='ltr'><strong>sinceris</strong></span> <span class='ocrx_word' id='word_1_59' title='bbox 487 2465 578 2559; x_wconf 85' lang='lat' dir='ltr'><strong>grati</strong></span> <span class='ocrx_word' id='word_1_60' title='bbox 593 2464 707 2532; x_wconf 88' lang='lat' dir='ltr'><strong>animi</strong></span> <span class='ocrx_word' id='word_1_61' title='bbox 719 2459 879 2533; x_wconf 90' lang='lat' dir='ltr'><strong>motibus</strong></span> <span class='ocrx_word' id='word_1_62' title='bbox 892 2460 1107 2562; x_wconf 85' lang='lat' dir='ltr'><strong>impellitur.</strong></span> 
     </span>
    </p>

    <p class='ocr_par' dir='ltr' id='par_1_4' title="bbox 169 2583 1177 3158">
     <span class='ocr_line' id='line_1_11' title="bbox 220 2583 1176 2684; baseline -0.001 -25"><span class='ocrx_word' id='word_1_63' title='bbox 220 2589 418 2660; x_wconf 89' lang='lat' dir='ltr'><strong>Nectamen</strong></span> <span class='ocrx_word' id='word_1_64' title='bbox 430 2583 637 2684; x_wconf 85' lang='lat' dir='ltr'><strong>negandum</strong></span> <span class='ocrx_word' id='word_1_65' title='bbox 652 2584 893 2658; x_wconf 89' lang='lat' dir='ltr'><strong>Claudianum</strong></span> <span class='ocrx_word' id='word_1_66' title='bbox 905 2590 942 2657; x_wconf 92' lang='lat' dir='ltr'><strong>in</strong></span> <span class='ocrx_word' id='word_1_67' title='bbox 955 2585 1176 2658; x_wconf 86' lang='lat' dir='ltr'><strong>admirando</strong></span> 
     </span>
     <span class='ocr_line' id='line_1_12' title="bbox 170 2709 1177 2807; baseline -0.003 -22"><span class='ocrx_word' id='word_1_68' title='bbox 170 2710 341 2785; x_wconf 80' lang='lat' dir='ltr'><strong>stilicone</strong></span> <span class='ocrx_word' id='word_1_69' title='bbox 358 2709 478 2783; x_wconf 83' lang='lat' dir='ltr'><strong>forsan</strong></span> <span class='ocrx_word' id='word_1_70' title='bbox 500 2709 651 2782; x_wconf 90' lang='lat' dir='ltr'><strong>modum</strong></span> <span class='ocrx_word' id='word_1_71' title='bbox 668 2714 867 2782; x_wconf 85' lang='lat' dir='ltr'><strong>excessisse.</strong></span> <span class='ocrx_word' id='word_1_72' title='bbox 885 2714 1027 2783; x_wconf 89' lang='lat' dir='ltr'><strong>Etenim</strong></span> <span class='ocrx_word' id='word_1_73' title='bbox 1040 2715 1069 2782; x_wconf 93' lang='lat' dir='ltr'><strong>si</strong></span> <span class='ocrx_word' id='word_1_74' title='bbox 1087 2719 1177 2807; x_wconf 89' lang='lat' dir='ltr'><strong>poe·</strong></span> 
     </span>
     <span class='ocr_line' id='line_1_13' title="bbox 170 2834 1173 2933; baseline -0.004 -23"><span class='ocrx_word' id='word_1_75' title='bbox 170 2854 244 2910; x_wconf 90' lang='lat' dir='ltr'><strong>tam</strong></span> <span class='ocrx_word' id='word_1_76' title='bbox 267 2862 352 2909; x_wconf 91' lang='lat' dir='ltr'><strong>cum</strong></span> <span class='ocrx_word' id='word_1_77' title='bbox 377 2836 559 2908; x_wconf 84' lang='lat' dir='ltr'><strong>historicis</strong></span> <span class='ocrx_word' id='word_1_78' title='bbox 582 2839 648 2933; x_wconf 92' lang='lat' dir='ltr'><strong>qui</strong></span> <span class='ocrx_word' id='word_1_79' title='bbox 666 2839 780 2907; x_wconf 92' lang='lat' dir='ltr'><strong>serius</strong></span> <span class='ocrx_word' id='word_1_80' title='bbox 799 2834 846 2907; x_wconf 89' lang='lat' dir='ltr'><strong>de</strong></span> <span class='ocrx_word' id='word_1_81' title='bbox 867 2834 1040 2908; x_wconf 80' lang='lat' dir='ltr'><strong>stilicone</strong></span> <span class='ocrx_word' id='word_1_82' title='bbox 1058 2834 1173 2907; x_wconf 89' lang='lat' dir='ltr'><strong>disse·</strong></span> 
     </span>
     <span class='ocr_line' id='line_1_14' title="bbox 171 2957 1176 3059; baseline -0.002 -27"><span class='ocrx_word' id='word_1_83' title='bbox 171 2975 323 3034; x_wconf 91' lang='lat' dir='ltr'><strong>ruerunt</strong></span> <span class='ocrx_word' id='word_1_84' title='bbox 335 2984 603 3059; x_wconf 84' lang='lat' dir='ltr'><strong>comparemus,</strong></span> <span class='ocrx_word' id='word_1_85' title='bbox 624 2957 715 3030; x_wconf 92' lang='lat' dir='ltr'><strong>illud</strong></span> <span class='ocrx_word' id='word_1_86' title='bbox 734 2963 854 3030; x_wconf 89' lang='lat' dir='ltr'><strong>statim</strong></span> <span class='ocrx_word' id='word_1_87' title='bbox 865 2957 1007 3031; x_wconf 85' lang='lat' dir='ltr'><strong>videtur</strong></span> <span class='ocrx_word' id='word_1_88' title='bbox 1024 2958 1176 3031; x_wconf 90' lang='lat' dir='ltr'><strong>conclu·</strong></span> 
     </span>
     <span class='ocr_line' id='line_1_15' title="bbox 169 3085 346 3158; baseline 0 0"><span class='ocrx_word' id='word_1_89' title='bbox 169 3085 346 3158; x_wconf 90' lang='lat' dir='ltr'><strong>dendum.</strong></span> 
     </span>
    </p>
   </div>
   <div class='ocr_carea' id='block_1_4' title="bbox 168 3208 1175 4059">
    <p class='ocr_par' dir='ltr' id='par_1_5' title="bbox 59 3208 1175 4059">
     <span class='ocr_line' id='line_1_16' title="bbox 218 3208 1175 3309; baseline 0.001 -27"><span class='ocrx_word' id='word_1_90' title='bbox 218 3210 258 3283; x_wconf 93' lang='lat' dir='ltr'><strong>ln</strong></span> <span class='ocrx_word' id='word_1_91' title='bbox 277 3215 321 3283; x_wconf 93' lang='lat' dir='ltr'><strong>iis</strong></span> <span class='ocrx_word' id='word_1_92' title='bbox 339 3235 421 3308; x_wconf 72' lang='lat' dir='ltr'><strong>quse</strong></span> <span class='ocrx_word' id='word_1_93' title='bbox 439 3209 485 3282; x_wconf 91' lang='lat' dir='ltr'><strong>de</strong></span> <span class='ocrx_word' id='word_1_94' title='bbox 504 3210 595 3282; x_wconf 92' lang='lat' dir='ltr'><strong>urbe</strong></span> <span class='ocrx_word' id='word_1_95' title='bbox 614 3213 750 3302; x_wconf 89' lang='lat' dir='ltr'><strong>Roma,</strong></span> <span class='ocrx_word' id='word_1_96' title='bbox 765 3208 811 3283; x_wconf 93' lang='lat' dir='ltr'><strong>de</strong></span> <span class='ocrx_word' id='word_1_97' title='bbox 829 3212 983 3309; x_wconf 89' lang='lat' dir='ltr'><strong>imperio</strong></span> <span class='ocrx_word' id='word_1_98' title='bbox 1000 3222 1034 3281; x_wconf 91' lang='lat' dir='ltr'><strong>et</strong></span> <span class='ocrx_word' id='word_1_99' title='bbox 1048 3208 1092 3283; x_wconf 93' lang='lat' dir='ltr'><strong>de</strong></span> <span class='ocrx_word' id='word_1_100' title='bbox 1104 3214 1175 3283; x_wconf 90' lang='lat' dir='ltr'><strong>im·</strong></span> 
     </span>
     <span class='ocr_line' id='line_1_17' title="bbox 169 3333 1172 3435; baseline -0.001 -27.099"><span class='ocrx_word' id='word_1_101' title='bbox 169 3350 333 3435; x_wconf 86' lang='lat' dir='ltr'><strong>peratore</strong></span> <span class='ocrx_word' id='word_1_102' title='bbox 360 3333 618 3424; x_wconf 89' lang='lat' dir='ltr'><strong>disseruimus,</strong></span> <span class='ocrx_word' id='word_1_103' title='bbox 645 3334 795 3423; x_wconf 90' lang='lat' dir='ltr'><strong>nullus,</strong></span> <span class='ocrx_word' id='word_1_104' title='bbox 822 3339 891 3406; x_wconf 90' lang='lat' dir='ltr'><strong>nisi</strong></span> <span class='ocrx_word' id='word_1_105' title='bbox 926 3333 1172 3427; x_wconf 86' lang='lat' dir='ltr'><strong>Claudianus,</strong></span> 
     </span>
     <span class='ocr_line' id='line_1_18' title="bbox 168 3457 1172 3559; baseline -0.005 -24"><span class='ocrx_word' id='word_1_106' title='bbox 168 3461 327 3535; x_wconf 73' lang='lat' dir='ltr'><strong>historiae</strong></span> <span class='ocrx_word' id='word_1_107' title='bbox 344 3465 529 3533; x_wconf 90' lang='lat' dir='ltr'><strong>materiam</strong></span> <span class='ocrx_word' id='word_1_108' title='bbox 550 3460 658 3532; x_wconf 87' lang='lat' dir='ltr'><strong>nobis</strong></span> <span class='ocrx_word' id='word_1_109' title='bbox 670 3459 838 3559; x_wconf 87' lang='lat' dir='ltr'><strong>praebuit.</strong></span> <span class='ocrx_word' id='word_1_110' title='bbox 854 3463 960 3533; x_wconf 88' lang='lat' dir='ltr'><strong>Nunc</strong></span> <span class='ocrx_word' id='word_1_111' title='bbox 981 3473 1102 3532; x_wconf 89' lang='lat' dir='ltr'><strong>autem</strong></span> <span class='ocrx_word' id='word_1_112' title='bbox 1115 3457 1172 3530; x_wconf 90' lang='lat' dir='ltr'><strong>di·</strong></span> 
     </span>
     <span class='ocr_line' id='line_1_19' title="bbox 169 3582 1169 3686; baseline -0.002 -29"><span class='ocrx_word' id='word_1_113' title='bbox 169 3591 260 3659; x_wconf 90' lang='lat' dir='ltr'><strong>versi</strong></span> <span class='ocrx_word' id='word_1_114' title='bbox 279 3585 413 3660; x_wconf 91' lang='lat' dir='ltr'><strong>adsunt</strong></span> <span class='ocrx_word' id='word_1_115' title='bbox 426 3591 637 3686; x_wconf 84' lang='lat' dir='ltr'><strong>scriptores,</strong></span> <span class='ocrx_word' id='word_1_116' title='bbox 656 3609 816 3682; x_wconf 86' lang='lat' dir='ltr'><strong>quornm</strong></span> <span class='ocrx_word' id='word_1_117' title='bbox 833 3589 1042 3656; x_wconf 89' lang='lat' dir='ltr'><strong>testimonio</strong></span> <span class='ocrx_word' id='word_1_118' title='bbox 1060 3582 1169 3657; x_wconf 87' lang='lat' dir='ltr'><strong>Clan-</strong></span> 
     </span>
     <span class='ocr_line' id='line_1_20' title="bbox 169 3707 1125 3802; baseline -0.004 -20"><span class='ocrx_word' id='word_1_119' title='bbox 169 3709 269 3783; x_wconf 86' lang='lat' dir='ltr'><strong>diani</strong></span> <span class='ocrx_word' id='word_1_120' title='bbox 283 3711 392 3784; x_wconf 90' lang='lat' dir='ltr'><strong>verba</strong></span> <span class='ocrx_word' id='word_1_121' title='bbox 411 3711 465 3782; x_wconf 91' lang='lat' dir='ltr'><strong>vel</strong></span> <span class='ocrx_word' id='word_1_122' title='bbox 486 3709 705 3802; x_wconf 81' lang='lat' dir='ltr'><strong>refellentur,</strong></span> <span class='ocrx_word' id='word_1_123' title='bbox 719 3709 774 3782; x_wconf 89' lang='lat' dir='ltr'><strong>vel</strong></span> <span class='ocrx_word' id='word_1_124' title='bbox 794 3707 1125 3783; x_wconf 88' lang='lat' dir='ltr'><strong>confirmabuntur.</strong></span> 
     </span>
     <span class='ocr_line' id='line_1_21' title="bbox 217 3834 1169 3933; baseline -0.005 -24"><span class='ocrx_word' id='word_1_125' title='bbox 217 3841 360 3910; x_wconf 83' lang='lat' dir='ltr'><strong>Socrate</strong></span> <span class='ocrx_word' id='word_1_126' title='bbox 376 3852 410 3909; x_wconf 89' lang='lat' dir='ltr'><strong>et</strong></span> <span class='ocrx_word' id='word_1_127' title='bbox 422 3841 620 3909; x_wconf 89' lang='lat' dir='ltr'><strong>Sozomene</strong></span> <span class='ocrx_word' id='word_1_128' title='bbox 632 3834 834 3933; x_wconf 89' lang='lat' dir='ltr'><strong>judicibus,</strong></span> <span class='ocrx_word' id='word_1_129' title='bbox 845 3835 968 3909; x_wconf 86' lang='lat' dir='ltr'><strong>Stilico</strong></span> <span class='ocrx_word' id='word_1_130' title='bbox 981 3859 1056 3906; x_wconf 90' lang='lat' dir='ltr'><strong>rem</strong></span> <span class='ocrx_word' id='word_1_131' title='bbox 1067 3858 1169 3906; x_wconf 86' lang='lat' dir='ltr'><strong>suam</strong></span> 
     </span>
     <span class='ocr_line' id='line_1_22' title="bbox 169 3959 1169 4059; baseline -0.005 -24"><span class='ocrx_word' id='word_1_132' title='bbox 169 3962 424 4037; x_wconf 89' lang='lat' dir='ltr'><strong>tantummodo</strong></span> <span class='ocrx_word' id='word_1_133' title='bbox 439 3962 613 4054; x_wconf 84' lang='lat' dir='ltr'><strong>cntat,ad</strong></span> <span class='ocrx_word' id='word_1_134' title='bbox 633 3959 669 4033; x_wconf 91' lang='lat' dir='ltr'><strong>id</strong></span> <span class='ocrx_word' id='word_1_135' title='bbox 689 3986 829 4059; x_wconf 88' lang='lat' dir='ltr'><strong>semper</strong></span> <span class='ocrx_word' id='word_1_136' title='bbox 840 3976 983 4059; x_wconf 84' lang='lat' dir='ltr'><strong>paratus</strong></span> <span class='ocrx_word' id='word_1_137' title='bbox 1004 3975 1038 4032; x_wconf 92' lang='lat' dir='ltr'><strong>et</strong></span> <span class='ocrx_word' id='word_1_138' title='bbox 1057 3964 1169 4032; x_wconf 88' lang='lat' dir='ltr'><strong>inten·</strong></span> 
     </span>
    </p>
   </div>
   <div class='ocr_carea' id='block_1_5' title="bbox 0 0 1376 4776">
    <p class='ocr_par' dir='ltr' id='par_1_6' title="bbox 0 0 1376 4776">
     <span class='ocr_line' id='line_1_23' title="bbox 0 0 1376 4776; baseline 0 0"><span class='ocrx_word' id='word_1_139' title='bbox 0 0 1376 4776; x_wconf 95' lang='lat' dir='ltr'><strong> </strong></span> 
     </span>
    </p>
   </div>
  </div>
 </body>
</html>
