2744 4776
629 293 787 351 ..22-

203 451 398 546 interroges
427 474 507 545 quae
535 463 610 520 tum
641 448 749 520 fuerit
778 449 889 541 urbs,
915 455 1056 548 imperii
1082 439 1219 550 caput(

251 576 373 663 Quum
391 573 451 645 illa
466 575 679 673 jampridem
693 601 711 647 a
723 575 887 647 barbaris
903 602 1073 675 oppressa
1083 576 1208 668 fuerit,

202 705 384 798 etiamque
413 724 512 772 utine
544 715 643 771 tanto
668 703 746 797 ejus
772 726 856 772 casu
881 727 1112 793 moveamur,
1142 730 1212 776 nos

203 823 324 895 forsan
346 850 419 896 non
439 825 645 920 judicemus
664 850 740 896 eam
762 851 843 897 vera
867 826 936 897 sub
966 832 1120 923 imagine
1147 853 1209 900 ex·

203 973 358 1048 pressam
383 949 491 1020 fuisse
508 974 529 1021 a
548 965 667 1048 poeta,
695 956 886 1022 maximam
906 950 1053 1047 quidem
1069 968 1105 1023 et
1124 954 1208 1050 pul-

202 1073 438 1161 cherrimam,
460 1089 495 1145 et
520 1074 748 1162 divitiarum,
772 1079 903 1146 artium
932 1075 1211 1176 litterarumque

202 1199 396 1299 splendore
404 1198 629 1290 decoratam;
646 1198 768 1272 forsan
788 1194 978 1272 credamus
991 1201 1211 1299 superfuisse

202 1324 455 1396 tautummodo
486 1330 521 1396 iu
552 1350 591 1397 ea
623 1327 762 1422 aliquas
794 1332 917 1423 priscae
949 1328 1211 1425 magnitudinis

203 1450 387 1546 reliquias,
416 1451 714 1547 necquidquam,
739 1456 806 1520 nisi
836 1465 1030 1549 prostratas
1051 1468 1207 1541 statum,

203 1601 340 1648 eversas
365 1577 493 1648 clarnos
514 1576 708 1674 dirutaque
724 1576 855 1674 templa
870 1583 1082 1650 occurrisse.

251 1704 482 1800 Quapropter
510 1727 576 1772 nos
604 1707 799 1799 imparatos
829 1699 983 1774 offendit
1011 1702 1208 1776 Claudiani

204 1852 345 1898 summa
368 1804 575 1914 admiratio,
602 1841 636 1897 et
655 1831 777 1897 omnia
798 1826 1006 1924 praedicanti
1031 1837 1212 1900 nonsatis

204 1950 437 2038 confidimus,
455 1956 590 2050 quippe
610 1954 672 2047 qui
693 1950 798 2021 nullo
813 1975 942 2047 genere
961 1951 1078 2024 laudis
1097 1951 1211 2024 absti-

205 2092 300 2149 neat.
332 2083 424 2175 Ergo
448 2076 495 2147 ab
526 2078 604 2170 ejus
632 2074 938 2173 descriptionibus
962 2101 1143 2164 cavemus,
1176 2093 1212 2148 et

206 2201 385 2298 quosdam
401 2200 490 2271 alios
510 2205 702 2296 scriptores
720 2206 927 2296 quaerimus,
940 2225 1097 2298 quorum
1110 2207 1213 2273 auxi·

207 2327 258 2399 lio
278 2326 348 2413 fisi,
370 2324 458 2422 quid
474 2329 508 2395 in
531 2338 636 2423 poeta
656 2349 794 2415 verum,
812 2325 900 2421 quid
922 2324 1051 2397 falsum
1070 2333 1114 2397 sit
1131 2352 1214 2425 pos-

208 2461 321 2526 simus
336 2450 534 2550 explorare.
552 2449 617 2522 Sed
635 2449 759 2522 nullus
774 2475 899 2522 eorum
915 2450 1046 2523 urbem
1059 2458 1213 2524 Romam

208 2583 336 2676 attigit,
359 2600 425 2649 nec
443 2582 518 2674 ipse
535 2570 709 2667 Zosimus,
719 2580 883 2672 quamvis
902 2574 1027 2663 ille,ut
1040 2576 1211 2663 dixiruuS,

123 2789 126 2796 ι
208 2728 292 2774 curu
314 2717 440 2773 tenore
463 2701 623 2798 quodam
648 2706 863 2772 senescentis
887 2706 1028 2799 imperii
1056 2707 1213 2777 Romani

210 2852 265 2899 res
279 2829 487 2898 narraverit.

258 2954 447 3043 Quantum
464 2963 585 3021 autem
614 2953 766 3019 Romam
792 2946 958 3018 dilexerit
975 2946 1212 3036 Claudianus,

210 3075 380 3148 facillime
403 3073 627 3170 intelligitur.
656 3079 794 3153 Primos
824 3077 862 3143 in
884 3077 1008 3145 Romae
1034 3073 1214 3145 honorem

210 3226 332 3272 versus
371 3205 596 3296 composuit3
633 3222 809 3295 eamque,
841 3223 956 3294 quum
999 3197 1147 3269 Probini
1179 3212 1215 3269 et

157 3406 161 3416 1
211 3323 352 3422 Olybrii
381 3323 611 3395 consulatum
639 3322 814 3412 celebrat,
831 3347 934 3394 more
954 3329 1112 3420 antiquae
1131 3328 1215 3394 Dete

211 3464 465 3550 repraesentat„
484 3455 565 3519 Haec
594 3463 646 3519 est
665 3451 838 3535 Minerva,
869 3453 978 3519 armis
1005 3447 1147 3535 induta,
1167 3447 1213 3520 ad

212 3575 345 3646 coelum
363 3597 566 3670 assurgenS,
581 3587 614 3644 et
627 3572 783 3644 domitas
804 3586 915 3643 terras
927 3577 1211 3671 supereminens.

353 3766 481 3824 Miscetur
495 3765 583 3822 decori
600 3764 692 3834 virtus,
710 3764 873 3837 pulcherque
889 3781 984 3822 severo

354 3865 482 3920 Armatur
494 3868 596 3920 terrore
608 3863 704 3935 pudor,
720 3863 857 3934 galeaeque
874 3863 979 3957 minaci!

354 3962 434 4021 Flava
444 3969 616 4021 cruentarum
629 3961 805 4035 praetenditur
820 3961 914 4025 umbra
925 3962 1063 4035 jubarum,
