2744 4776
654 313 813 372 -ot-

378 475 503 531 Sidereas
515 470 628 527 lunonis
641 485 715 538 aves,
727 475 765 539 et,
780 469 803 524 si
818 483 872 541 qna
885 467 1008 539 loquendi

380 573 472 638 Gnara
483 568 605 626 coloratis
618 567 714 623 viridis
726 566 846 622 defertur
861 565 896 621 ab
908 565 990 635 Indis

379 667 515 740 Quaesitos
526 671 601 722 trans
612 681 695 738 regne
705 664 796 735 cibos,
810 679 978 736 quorumque
993 662 1159 736 profundam

378 765 527 839 lngluviem
541 780 594 821 non
607 766 720 836 AEgeus,
736 778 790 818 non
803 760 857 818 alta
873 761 1027 835 Propontis,

380 865 439 922 Non
453 864 522 921 freta
534 862 687 935 longinquis
697 860 803 917 Maeotia
817 857 934 932 piscibus
946 857 1064 932 explent.

381 962 473 1019 Vestis
484 960 602 1018 odoratae
614 959 743 1016 studium.
763 997 771 1015 .
794 999 801 1012 .
822 996 831 1015 .

383 1097 391 1113 .
414 1100 420 1114 .
441 1098 448 1113 .
471 1099 478 1114 .
498 1057 527 1114 Si
540 1057 649 1114 Chunus
662 1056 750 1126 lerint,
766 1055 790 1112 si
804 1055 928 1113 Sarmata
941 1060 1047 1127 portas,

383 1156 493 1214 Solliciti
506 1170 604 1213 scenae.
627 1196 635 1212 .
657 1196 664 1211 .
686 1199 692 1211 .

300 1268 302 1271 ·
382 1256 448 1311 Pars
461 1253 556 1310 humili
565 1253 599 1310 de
612 1252 691 1327 plebe
703 1251 795 1323 ducos,
810 1268 874 1327 pars
886 1251 1014 1324 compede
1027 1266 1119 1322 suras,

385 1353 522 1424 Cruraque
533 1352 630 1424 signati
642 1352 719 1424 nigro
729 1351 840 1407 liventia
853 1350 933 1420 lerro,

285 1510 288 1515 ,
386 1452 450 1506 lura
461 1456 567 1522 regunt,
579 1450 662 1506 facies
673 1449 798 1521 quamvis
812 1448 943 1522 inscripta
956 1452 1105 1520 repugnet,

385 1548 475 1620 Seque
487 1564 536 1606 suo
549 1547 644 1621 probat
655 1547 748 1618 titul0;
764 1547 812 1604 sed
827 1546 915 1620 prima
924 1551 1043 1620 potestas

384 1646 543 1719 Eutropium
558 1644 676 1717 praefert.
698 1645 777 1702 Hosio
790 1643 904 1700 subnixa
918 1641 1037 1700 secundo

386 1742 492 1799 Dulcior
506 1743 551 1800 hic
562 1758 627 1800 sane
641 1743 753 1814 cunctis,
766 1742 938 1815 prudensque
950 1738 1076 1797 movendi

386 1842 468 1912 turis,
480 1848 507 1898 et
519 1841 626 1900 admoto
638 1842 683 1914 qui
694 1847 826 1917 temperet
838 1841 927 1899 omnia
942 1839 1034 1906 lumo;

387 1941 527 2012 Fervidus,
538 1955 679 1998 accensam
691 1939 739 1997 sed
753 1940 799 2012 qui
810 1940 881 1996 bene
891 1939 1024 2011 decoquat
1037 1938 1116 1994 iram.

387 2039 535 2097 Considunt
544 2039 636 2113 apices
650 2038 750 2110 gemini
762 2037 872 2094 ditionis
883 2037 965 2107 Eoae,

390 2137 439 2192 llic
450 2151 562 2209 coquus,
573 2135 619 2192 hic
632 2135 701 2206 leno,
715 2134 814 2192 defossi
832 2133 946 2191 verbere
962 2140 1055 2207 tergo,

380 2235 515 2304 ¹Servilio,
531 2250 585 2292 non
594 2239 652 2290 arte
664 2249 761 2308 pares:
776 2233 821 2290 hic
833 2234 933 2307 saepins
943 2239 1060 2306 emptus,

390 2332 463 2389 Alter
475 2331 510 2389 ad
522 2332 656 2406 Hispanos
667 2331 783 2388 nutritus
797 2347 880 2388 verna
894 2337 1008 2405 penates
1020 2332 1067 2399 (l).

297 2515 381 2588 Non
402 2509 502 2584 bello
516 2534 663 2610 operam
679 2509 918 2609 impendunt,
936 2508 997 2582 sed
1022 2513 1107 2581 circi
1135 2507 1255 2603 ludis3

250 2663 371 2711 versus
390 2641 497 2709 etiam
517 2636 578 2709 illa
600 2642 637 2707 in
655 2641 834 2708 concione
862 2639 1161 2734 pronuntiantur.
1184 2641 1261 2710 Eu·

250 2768 390 2863 tropius
404 2777 520 2835 tamen
533 2761 726 2859 Phrygiam
743 2775 917 2832 memorat
937 2759 1009 2857 (2):

391 2963 496 3021 Emicat
507 2964 651 3038 extemplo,
668 2965 771 3022 cunctis
782 2963 987 3036 trepidantibus,
1001 2963 1089 3020 audax

395 3061 492 3119 Cressa
501 3063 571 3121 mole
580 3064 645 3135 Leo,
656 3076 738 3135 quem
753 3063 799 3119 vix
813 3061 941 3137 Cyclopia
954 3060 1040 3119 solum
1054 3099 1058 3107 -

394 3161 544 3233 AEquatura
556 3159 652 3232 fames,
663 3176 809 3233 quemnon
816 3160 909 3234 jejuna
920 3158 1025 3217 Celaeno

397 3257 523 3316 Vinceret
537 3277 544 3314 ι
558 3257 622 3315 hinc
632 3274 730 3315 nomen
745 3259 830 3316 lertor
845 3258 977 3315 meruisse
990 3258 1095 3314 Leonis.

398 3356 503 3414 Acerin
514 3356 649 3421 absentes,
661 3357 892 3429 linguaeJ'actntor,
908 3355 1049 3412 abundans

396 3455 530 3530 Corporis,
546 3457 713 3528 exiguusque
725 3453 818 3524 animi,
832 3453 1002 3512 doctissimus
1016 3453 1083 3510 artis

397 3554 539 3624 Quondam
553 3552 676 3622 lanificae,
690 3552 843 3610 moderator
856 3552 970 3627 pectinis
986 3551 1056 3609 unci.

293 3883 330 3948 (l)
348 3881 382 3937 lo
394 3880 568 3952 Eutropium,
582 3879 629 3935 lib.
642 3878 677 3948 ll,
694 3879 776 3938 vett
788 3884 816 3936 et
827 3895 887 3952 sqq.

295 3977 332 4050 (2)
352 3979 384 4035 In
397 3977 572 4052 Eutropium,
587 3976 633 4034 lib.
647 3977 678 4046 ll,
695 3994 720 4032 v.
734 3978 783 4033 35l
799 3986 827 4034 et
842 3994 903 4052 sqq.
