2744 4776
595 326 754 385 ..51-

179 484 374 575 libidines;
392 485 519 558 audire
537 483 763 558 mihivideor
776 485 886 562 Tullii
900 512 1024 561 vocem
1035 485 1182 563 Verrem

178 615 400 683 accusantis:
477 688 480 695 ,

322 763 379 819 Nec
390 761 471 819 celeri
481 761 563 818 mittit
577 761 663 819 letho:
677 762 831 821 crudelibus
843 771 906 822 ante

322 860 466 935 Suppliciis
479 861 592 933 fruitur3
609 863 754 934 cruciatus,
769 863 867 933 vincla,
879 864 1016 938 tenebras,

321 959 408 1016 Dilato
418 975 555 1029 mucrone,
567 966 654 1034 parat.
666 962 749 1019 Prohl
764 963 862 1020 saevior
871 979 936 1022 ense

324 1059 454 1115 l'arcendi
466 1059 566 1131 rabies,
580 1075 762 1134 concessaque
773 1061 829 1118 vita
841 1062 935 1120 dolori,

325 1196 595 1213 ..........
614 1158 674 1213 Non
683 1157 800 1214 flectitur
811 1159 898 1230 annis,

323 1256 383 1310 Non
395 1260 476 1312 astate
484 1255 558 1312 labat
570 1275 575 1312 :
589 1256 719 1329 juvenum
729 1257 846 1313 rorantia
858 1257 925 1314 colla

324 1352 394 1410 Ante
402 1359 508 1426 patrum
520 1355 609 1412 vultus
617 1355 709 1412 stricta
720 1355 842 1412 cecidere
854 1356 953 1414 securi.
975 1400 981 1414 .
1006 1398 1012 1411 .

328 1495 334 1508 .
357 1495 364 1508 .
386 1494 392 1506 .
413 1453 472 1508 lam
482 1453 565 1510 Cinna
577 1454 651 1528 pius;
661 1455 728 1527 jam,
745 1454 884 1526 Spartace,
897 1453 965 1511 lenis

323 1550 417 1607 Rufino
431 1551 542 1607 collatus
555 1552 610 1608 eris
620 1553 667 1623 (l).

230 1675 328 1748 Nihil
359 1676 522 1775 profecto
541 1702 584 1749 ex
612 1677 684 1750 illis
706 1677 868 1750 versibus
896 1675 1184 1766 detrahendum,

181 1800 241 1871 sed
262 1800 622 1873 animadvertendum
636 1817 815 1898 quantum
837 1818 942 1901 poeta
962 1827 1045 1874 cum
1066 1827 1185 1873 rernm

182 1932 356 2024 scriptore
374 1933 570 2025 conspiret.
587 1931 614 1996 E
630 1927 821 1999 Claudiani
843 1932 939 1998 enirn
963 1925 1187 1998 carminibus

185 2055 311 2122 veritas
326 2048 448 2146 prodit
461 2056 600 2148 integra
616 2065 651 2122 et
669 2057 821 2144 intacta;
839 2051 894 2122 vel
915 2049 1105 2122 deficiente
1121 2056 1187 2122 Zo-

185 2181 299 2266 simo,
325 2175 509 2247 orientalis
535 2181 676 2275 imperii
704 2176 824 2248 clades
847 2191 954 2276 poeta
981 2175 1027 2247 ad
1062 2201 1185 2247 verum

182 2299 390 2373 effinxisset.
409 2308 572 2374 Fuerunt
595 2308 659 2399 qui
683 2301 807 2375 Rufini
832 2316 987 2373 mortem
1008 2305 1043 2371 in
1071 2303 1187 2398 majus

183 2441 323 2498 auctam
359 2425 599 2524 crediderint3
635 2425 696 2496 sed
736 2431 899 2498 Zosimus
933 2416 1008 2524 ipse
1039 2440 1189 2497 testatur

184 2550 346 2623 dextram
373 2553 452 2648 ejus
473 2550 649 2622 abscisam
664 2551 786 2638 fuisse,
812 2565 848 2622 et
872 2575 935 2648 per
961 2557 1036 2622 vias
1063 2575 1187 2622 occur·

185 2675 360 2765 rentibus
376 2682 480 2773 quasi
491 2681 652 2774 pecuniae
665 2674 957 2771 petendaecausa,
969 2689 1183 2773 porrectam.

233 2799 368 2873 Rufino
389 2816 510 2872 alitem
532 2807 733 2888 exstincto,
761 2799 887 2900 populi
915 2798 1035 2870 laetitia
1065 2823 1187 2870 eruin·

187 2950 291 3024 pere3
312 2931 442 3025 etipse
468 2925 691 2999 Claudianus
712 2931 749 2997 in
778 2923 952 2997 Rufinum
974 2929 1063 2996 iram
1087 2925 1190 2996 laetus

185 3049 450 3122 effunderem
466 3075 550 3122 vero
569 3055 728 3122 carmina
745 3075 819 3120 non
832 3074 1025 3149 possumus
1041 3073 1116 3121 non
1135 3049 1188 3121 af-

186 3172 296 3246 ferre:

328 3306 408 3379 Saepe
420 3304 486 3361 mihi
495 3303 605 3361 dubiam
619 3303 699 3360 traxit
708 3303 842 3360 sententia
854 3308 982 3373 mentem,

329 3404 460 3461 Curarent
473 3403 563 3476 superi
575 3409 671 3471 terras,
688 3418 722 3457 an
736 3401 825 3458 nullus
835 3401 937 3459 inesset

279 3549 282 3555 .
328 3504 434 3574 Rector,
450 3508 477 3560 et
492 3503 594 3559 incerto
604 3501 719 3557 fluerent
730 3500 853 3557 mortalia
865 3513 939 3557 casu.

330 3603 398 3658 Nam
412 3617 495 3673 quum
504 3600 627 3674 dispositi
638 3598 796 3672 quaesissem
808 3598 911 3655 loedera
919 3596 1023 3668 mundi,

329 3698 556 3771 Praescrlptosque
569 3697 638 3754 mari
652 3697 729 3767 lines,
742 3697 873 3768 anumque
885 3702 1001 3766 meatus,

329 3801 362 3856 Et
377 3799 444 3856 lucis
455 3798 593 3869 noctisque
607 3797 690 3866 vices,
705 3802 770 3852 tuuc
783 3793 874 3852 omnia
886 3793 966 3851 rebar

224 4001 260 4067 (l)
280 3999 312 4055 lo
323 3999 458 4070 Rufinum,
473 3996 519 4052 lib.
534 3997 555 4063 l,
570 4011 595 4049 v.
608 3995 670 4053 234.
