2744 4776
597 336 755 397 ...33-

180 500 283 572 bram
305 497 377 571 luci
396 496 589 569 admiscuit
611 501 745 584 sciens3
763 509 803 567 ut
823 520 929 593 quem
952 522 1027 569 non
1047 495 1182 570 fefelle·
1213 517 1231 562 e

181 631 252 697 rint
272 623 433 723 pericula
450 626 603 719 imperio
622 625 860 693 imminentia.

227 744 645 836 Theodosio'exstinctm
670 751 720 817 air
739 745 973 837 Claudianus,
997 747 1071 843 jam
1094 747 1182 845 Illy·

180 875 409 971 riciscampis
422 871 554 943 insidet
562 870 741 961 Alaricus3
765 872 840 967 jam
855 871 997 944 rebellis
1012 873 1122 944 Gildo
1138 872 1181 942 ad

180 1021 279 1068 arma
293 994 449 1069 Africam
467 1010 592 1086 νοοίης

270 1225 272 1230 ¹
322 1157 390 1211 Nam
404 1170 466 1227 quae
477 1156 533 1226 jam
544 1155 618 1226 regio
634 1159 727 1223 restat,
741 1154 775 1224 si,
785 1154 875 1211 dedila
890 1154 990 1210 Mauris

322 1251 449 1323 Regibus,
465 1251 578 1324 illyricis
590 1254 732 1308 accesserit
742 1253 831 1308 Africa
845 1253 971 1309 damnis?

323 1352 371 1407 lus
380 1351 495 1420 Latium,
506 1351 576 1422 quod
592 1358 655 1404 lunc
670 1351 770 1421 Meroe,
784 1350 928 1422 Rubroque
942 1350 1044 1408 solebat
1125 1372 1127 1376 ·

325 1449 431 1504 Oceano
444 1448 514 1520 cingi
525 1490 532 1518 ,
545 1448 684 1520 Tyrrhena
701 1448 833 1504 clauditur
851 1448 937 1516 unda;

324 1548 358 1602 El
370 1546 413 1603 oui
427 1563 480 1603 non
489 1545 578 1616 Nilus,
592 1561 644 1601 non
660 1545 748 1601 intulit
762 1545 836 1602 ludia
852 1552 947 1613 melas

326 1645 438 1702 llomaui
451 1644 506 1716 jam
520 1642 582 1700 linis
595 1644 647 1699 erit
657 1643 794 1700 Trinacria
807 1644 893 1716 regni.

231 1803 286 1870 Sic
302 1823 323 1870 a
342 1803 463 1869 nimiis
480 1796 652 1870 laudibus
666 1813 764 1869 cavel
780 1797 1003 1870 Claudianus
1021 1799 1035 1895 (
1061 1801 1088 1896 ).
1129 1887 1131 1893 ¹

232 1929 268 1995 Si
281 1929 376 2021 quis,
386 1922 492 2019 quale
504 1947 545 1994 ea
555 1937 656 1994 aelate
664 1921 771 1993 fuerit
784 1929 831 1993 im
837 1929 1082 2020 perium‚vere
1093 1924 1188 2022 judi-

184 2071 267 2120 care
283 2047 382 2137 velit,
399 2062 542 2147 oporiet
562 2072 612 2138 se,
637 2063 678 2118 nt
697 2047 896 2135 bedleem,
917 2053 1057 2145 imperii
1078 2054 1190 2149 ipsius

185 2171 1189 2270 qubieivem,aelatisqueaequalemsaciat.Numaulem‚

188 2296 252 2370 ubi
271 2303 457 2369 Romanus
474 2285 560 2368 ¹civis
576 2303 762 2386 exsulerit,
775 2298 896 2370 credet
914 2303 1192 2371 Romamexitio

188 2448 254 2495 suo
279 2423 507 2522 proximam?
533 2425 584 2493 Ne
608 2427 718 2517 igitur
740 2428 827 2493 vitio
855 2439 967 2494 verlat
991 2423 1191 2495 Claudiano

188 2545 289 2644 quod
310 2546 401 2618 illud
418 2551 567 2617 exilium
582 2570 648 2617 nec
667 2546 865 2644 providerit
877 2573 943 2620 neo
957 2547 1192 2647 suerilsuspi-

189 2689 302 2746 catus.
316 2677 440 2765 Quum
451 2687 573 2744 aulem
586 2678 775 2744 immineat
793 2678 948 2744 Romani
964 2679 1105 2773 imperii
1120 2681 1193 2764 exi·

189 2809 295 2893 tium,
312 2827 388 2872 non
408 2802 505 2891 ideo,
521 2814 684 2898 tempore
702 2798 907 2888 Claudiani,
929 2805 1082 2871 omnino
1101 2799 1192 2872 frac-

189 2941 268 2999 tum
287 2941 362 2998 erat
385 2930 601 3022 imperium,
620 2924 720 3021 quod
742 2950 860 3023 nuper
881 2923 1051 2996 refecerat
1074 2926 1193 2997 Theo·

189 3050 326 3123 dosius.
355 3049 557 3123 Falendum
582 3064 646 3137 est,
667 3038 833 3121 Honorio
854 3065 999 3123 mortuo
1016 3055 1196 3149 eliarnqne

190 3191 417 3266 senescente,
442 3182 660 3276 praecipitem
684 3182 722 3246 in
746 3183 889 3249 ruinam
915 3176 998 3249 lerri
1021 3183 1191 3266 Romdm3

191 3301 255 3374 sed
278 3326 388 3402 quam
411 3301 545 3372 distant
577 3326 598 3372 a
623 3305 828 3373 novissimis
853 3308 961 3400 primi
987 3308 1197 3400 imperantis

191 3431 344 3497 Honorii
359 3423 462 3497 anni!
479 3429 601 3516 Quum
614 3426 738 3497 scribit
750 3427 988 3517 Claudianus,
1005 3442 1073 3498 stat
1088 3434 1194 3500 eliam

193 3565 282 3625 lunc
297 3556 477 3647 integrum
495 3550 688 3622 Theodosii
706 3576 816 3649 opus3
847 3556 876 3621 si
904 3556 1014 3649 igilur
1036 3559 1197 3624 carmina

192 3689 319 3774 poelae‘
332 3690 427 3747 recle
453 3680 709 3775 interprelatus
727 3675 851 3767 fueris,
872 3676 976 3774 plura
997 3680 1097 3749 ineo
1112 3702 1197 3750 vera

194 3796 458 3899 deprehendes,
469 3822 536 3872 nec
549 3799 662 3871 mulla
677 3799 722 3872 de
731 3801 762 3898 ej
768 3805 1005 3900 uspraeconiis
1017 3798 1196 3876 detrahes.

228 4008 268 4077 (l)
288 4003 325 4059 llo
337 4003 411 4061 Bello
424 4003 577 4072 Gildonioo,
590 4020 616 4061 v.
628 4005 691 4062 lon.

1076 4108 1093 4165 3
1195 4102 1204 4117 .
