2744 4776
562 284 754 397 ¹—ar--

315 491 405 549 Altera
417 491 546 550 Romanae
557 492 635 566 leuge
645 494 795 552 rectoribus
807 494 879 552 aulae

317 588 438 648 Conditio
450 605 457 646 ε
471 589 572 648 virtute
582 591 670 664 decet,
682 609 736 651 nen
749 592 882 666 sanguine
894 590 943 648 niti
953 589 1000 664 (t).

316 786 344 842 Si
357 788 466 858 metuis,
479 787 502 844 si
514 803 600 863 prava
608 789 695 863 cupis,
711 789 736 846 si
746 789 853 847 duceris
865 791 916 860 ira,

318 885 427 942 Servitii
438 885 542 959 patiere
550 886 660 959 jngum;
672 886 800 944 tolerabis
813 887 922 960 iniquas

317 982 432 1040 Interius
443 982 526 1056 leges.
539 984 615 1040 Tunc
625 984 717 1042 emnia
726 985 786 1058 inre
799 985 914 1055 tenebis,

318 1077 407 1148 Quium
417 1081 517 1155 poteris
531 1098 577 1138 rex
589 1097 650 1139 esse
663 1082 718 1145 tui:
733 1082 876 1157 proclivior
889 1098 956 1140 usus

319 1180 349 1234 ln
361 1181 455 1252 pejore
466 1179 555 1245 detur,
566 1180 718 1254 suadetque
729 1181 842 1238 licencia
855 1181 959 1248 luxum,

319 1275 509 1350 illecebrisque
521 1279 622 1335 effrena
631 1279 713 1337 iavet.
727 1281 795 1336 Turn
808 1280 900 1337 vivere
912 1285 985 1336 caste

320 1376 458 1450 Asperius,
471 1393 553 1450 quum
565 1384 689 1452 prompta
703 1378 809 1449 Venus;
825 1384 882 1434 tum
895 1379 989 1436 durius
1002 1378 1051 1436 irae

320 1473 481 1545 Consulitnr,
494 1491 577 1548 quum
591 1491 671 1548 poena
686 1481 775 1548 patet:
790 1476 839 1534 sed
852 1477 1000 1551 comprime
1013 1482 1118 1547 motus3

320 1575 378 1630 Nec
389 1574 438 1631 tibi
449 1573 515 1645 quid
530 1574 619 1642 liceat,
634 1574 683 1631 sed
696 1575 761 1648 quid
777 1576 873 1634 iecisse
884 1576 1007 1647 decebit,

264 1739 266 1743 y
322 1672 461 1741 Occurrat,
478 1678 649 1746 mentemque
662 1674 754 1732 domat
765 1680 904 1748 respectus
917 1673 1023 1732 bonesti
1034 1676 1081 1743 (t).

130 1849 136 1858 ’
227 1854 262 1923 Si
277 1853 415 1922 eximiis
430 1849 502 1923 illis
514 1858 699 1950 praeceptis
712 1858 888 1951 paruisset
903 1858 1103 1942 Honorius,
1120 1859 1186 1926 iun·

180 1980 321 2074 perium
335 1974 457 2046 forsan
474 1981 692 2047 servavisset.

229 2105 271 2171 In
295 2099 367 2171 alio
387 2099 470 2172 loce
490 2099 582 2172 illud
600 2105 811 2200 imperatori
827 2100 968 2199 objicit,
989 2101 1089 2200 quod
1110 2109 1184 2175 Ro·

160 2226 296 2311 mam,
319 2230 471 2323 primam
488 2249 682 2323 veramque
702 2231 846 2325 imperii
863 2226 997 2316 sedern,
1019 2225 1187 2299 deserue-

179 2352 238 2439 rit,
259 2353 380 2447 aitque
394 2373 476 2421 eum
493 2375 512 2421 a
528 2348 668 2450 populo
683 2365 719 2422 et
733 2365 859 2422 senatu
875 2356 1015 2440 vocari3
1033 2375 1184 2450 respou-

179 2470 378 2544 dstantem
403 2477 634 2573 imperator:
660 2473 951 2573 Exspectandum
975 2499 1066 2547 esse.
1093 2481 1185 2548 Turn

180 2602 292 2695 surgit
313 2603 444 2687 Roma,
467 2597 616 2697 deaeque
637 2599 764 2670 similis
789 2602 992 2698 principem
1011 2599 1101 2691 adii,
1121 2606 1185 2697 qni

180 2724 293 2820 ipsam
309 2736 522 2821 aspernatur
539 2751 547 2794 :

325 2941 617 2965 .......
656 2924 774 2982 quonam
787 2925 873 2982 usque
887 2906 990 2965 tenebit

321 3004 449 3062 Preeletus
460 3020 521 3062 mea
531 3013 593 3064 veta
602 3007 693 3079 ligus,
708 3001 875 3078 vetitumque
883 3005 1034 3080 propinqua

323 3104 393 3160 Luce
408 3103 471 3175 lrni,
482 3105 578 3177 spatiis
588 3104 725 3162 discernet
735 3105 833 3177 gaudie
843 3105 952 3178 parvis,

324 3203 471 3273 Torquebit
484 3203 602 3259 ltubicnn
616 3201 705 3260 vicino
719 3203 827 3260 nomine
838 3202 962 3260 Tibrim?
982 3244 989 3259 .
1012 3244 1019 3258 .
1054 3242 1062 3259 .

218 3305 220 3309 ⁴
247 3299 249 3302 '
323 3299 409 3370 Quem
421 3315 516 3371 precer
530 3299 565 3356 ed
576 3299 656 3356 finem
666 3299 769 3357 laribus
780 3301 901 3373 sejuncta
913 3304 1036 3374 potestas

322 3397 443 3468 Exsulat,
460 3398 656 3472 imperiumque
669 3399 754 3455 suisa
768 3398 877 3456 sedibus
891 3398 984 3455 errat‘l

323 3495 377 3552 Cur
385 3512 446 3552 mea
459 3512 522 3569 qnae
533 3497 640 3554 cunctis
652 3497 770 3554 tribuere
782 3497 883 3571 palatia
894 3512 993 3556 nomen

257 3666 260 3669 ι
326 3593 453 3666 Neglectc
462 3594 586 3668 squalent
598 3595 692 3653 senic‘l
712 3632 720 3649 .
744 3639 750 3650 .
772 3637 779 3651 .
798 3595 846 3668 (3).

139 3825 141 3828 ’
217 3818 256 3891 (t)
274 3818 313 3874 De
325 3823 423 3891 quarte
441 3816 584 3874 cumulare
593 3817 847 3890 Honoriirlupusti,
865 3835 892 3874 v.
908 3819 971 3877 uti.

219 3915 257 3987 (ἓ)
279 3917 314 3972 Dc
326 3922 424 3989 quarto
440 3915 583 3973 oemulatur
594 3917 711 3972 Horaerii
722 3916 850 3988 Auqusti,
866 3932 893 3972 v.
905 3917 968 3976 259.

219 4018 257 4084 (3)
276 4013 315 4069 Dc
329 4020 405 4070 scuto
418 4015 560 4072 consulatu
574 4015 687 4070 Horrorii
698 4016 827 4087 dequesti,
841 4030 867 4070 v.
880 4017 932 4074 362
945 4020 973 4072 ct
987 4015 1048 4073 tbi.
