2744 4776
561 315 720 374 ..17-

143 476 297 568 quint03
319 495 385 544 nec
401 471 610 546 dubitamus
629 478 720 570 quin
743 497 821 543 eam
844 470 951 543 nobis
974 494 1055 543 vera
1078 471 1148 543 sub

145 602 301 693 imagine
319 613 559 695 repraeseutet.
673 592 675 599 ’

196 727 255 808 Si,
285 720 329 793 ad
370 722 549 795 tuendum
583 721 825 796 Claudianum
856 747 930 793 non
970 720 1150 794 sufficeret
1221 708 1223 715 Α

147 851 290 919 Baronii
315 854 528 937 auctoritas,
561 848 607 921 ad
640 847 888 920 doctissimum
915 871 1001 918 saue
1029 873 1148 918 reruni

148 976 359 1070 scriptorem
373 971 664 1067 confugeremus,
677 971 901 1061 Gibboucm,
919 977 983 1069 qui
995 969 1151 1043 affirmat

149 1095 297 1194 quidem
331 1122 407 1168 nou
439 1102 540 1168 omni
578 1122 620 1169 ex
660 1112 761 1196 parte
794 1082 1039 1169 adhibendam
1076 1122 1152 1168 esse

149 1220 259 1292 fidem
300 1235 434 1319 poetae,
468 1221 629 1293 «servili
664 1203 843 1293 stiliconis
885 1221 1083 1307 adulatori,
1119 1236 1153 1292 et

150 1359 337 1445 poetarum
356 1347 632 1442 aulicorumque
649 1346 793 1418 licentia
806 1347 902 1442 large
921 1346 1036 1417 abuso
1047 1347 1117 1440 (i);
1133 1380 1149 1412 »

150 1470 213 1565 sed
234 1470 425 1569 profitetur
444 1486 616 1543 tamense
638 1477 762 1542 satiras
776 1474 1062 1570 et'panegyricos
1077 1473 1155 1566 ejus

150 1603 190 1670 in
216 1597 406 1669 narrandis
436 1603 588 1669 Honorii
623 1597 847 1695 temporibus
868 1597 1023 1668 multum
1053 1596 1154 1668 adhi-

152 1720 285 1814 buisse,
300 1748 415 1820 quum
435 1737 529 1794 certa
547 1738 784 1795 monumenta
800 1727 953 1793 maxime
971 1721 1151 1794 deficiant.

200 1851 451 1943 Totumigitur
463 1846 702 1918 Claudianum
721 1846 817 1943 apud
829 1845 1036 1918 Gibbonetn
1053 1871 1154 1945 repe·

152 1976 235 2044 rias.
268 1971 376 2041 Illum
407 1976 501 2041 enirn
532 1977 695 2066 quamvis
724 1976 932 2058 insectetur,
971 1986 1156 2043 auctorem

152 2109 272 2168 tamen
297 2101 333 2165 in
350 2094 447 2166 bello
463 2111 589 2167 contra
606 2093 798 2167 Gildonem
824 2111 859 2165 et
877 2109 1000 2165 contra
1016 2095 1157 2166 Gothos

153 2226 331 2318 sequitur,
347 2225 501 2316 vestigiis
515 2226 620 2291 etiam
641 2220 740 2291 illius
762 2223 942 2307 insistens,
959 2243 1022 2290 seu
1035 2217 1158 2290 Rufini

109 2380 114 2386 ·
154 2350 393 2444 Eutropiique
411 2342 541 2442 flagitia
562 2359 705 2434 narrat,
723 2369 786 2415 seu
805 2343 1014 2415 Stiliconem
1037 2343 1157 2415 laudi·

154 2470 225 2542 hus
251 2468 429 2558 cumulat,
450 2494 559 2566 quem
580 2469 732 2540 alterum
765 2467 1033 2556 Theodosium,
1059 2466 1158 2539 altis-

155 2601 310 2694 simique
333 2600 469 2693 ingenii
490 2600 632 2683 virum,
662 2608 698 2664 et
716 2592 789 2664 fere
808 2599 966 2691 antiquis
984 2594 1159 2665 heroibus

155 2745 278 2821 parem
304 2725 476 2792 exstitisse
508 2717 676 2790 affirmat.
704 2748 722 2784 a
754 2718 811 2788 Illi
844 2723 940 2788 enim
968 2725 1159 2816 contigisse

154 2845 293 2935 scribit,
305 2844 534 2944 vergentibus
544 2845 618 2940 jam
635 2843 679 2914 ad
697 2840 807 2914 finem
822 2848 988 2939 ingenuis
1005 2844 1156 2930 artibus,

156 2968 319 3042 divinum
345 2969 433 3040 illud
457 2974 598 3039 virtutis
621 2973 829 3067 praemium,
856 2967 987 3039 Achilli
1016 2966 1169 3057 datum,

156 3108 191 3165 et
213 3094 261 3166 ab
280 3093 484 3165 Alexandro
504 3092 635 3163 frustra
655 3106 839 3190 optatum,
861 3107 1005 3189 poetam
1024 3093 1160 3166 scilicet

156 3216 256 3290 factis
274 3219 427 3290 heroum
441 3216 664 3289 celebrandis
677 3242 753 3288 non
772 3222 947 3314 imparem
968 3218 1032 3312 (a).
1058 3248 1074 3283 »

205 3347 287 3414 Non
324 3348 505 3415 immerito
537 3356 632 3413 certe
658 3341 800 3412 dicatur
834 3367 902 3412 nos
938 3365 960 3413 a
990 3341 1161 3414 Gibbone

156 3473 235 3564 ipso
255 3470 411 3566 primum
439 3467 548 3562 hujus
570 3465 736 3572 opusculi
759 3465 943 3537 scribendi
964 3467 1159 3538 consilium

156 3598 362 3691 sumpsisse.

192 3890 228 3955 (l)
245 3885 317 3942 Edit.
329 3884 448 3942 Buchon.
460 3883 548 3954 Paris,
564 3883 644 3954 ⁴837,
662 3899 691 3957 p.
707 3881 789 3954 697:

195 3986 233 4055 (2)
251 3983 376 4056 1ttd.,p.
392 3983 454 4038 694.
