2744 4776
599 257 759 318 ...10-

179 415 374 495 Theodosii
393 423 464 491 visa
484 432 618 508 narrat,
640 417 759 490 obiter
777 422 918 515 attingit
935 423 1108 492 incursus
1127 445 1194 518 per

180 544 319 619 ltaliam
332 542 570 617 barbarorum
586 571 594 632 ;
614 547 700 633 imo,
720 558 760 614 nt
784 546 858 642 ipse
876 550 936 630 ait,
951 542 997 616 de
1018 548 1062 616 iis
1079 560 1189 618 tacet.

182 674 276 741 Num
298 674 393 741 euim
411 669 455 740 de
469 668 641 741 Stiliooue
654 667 758 764 loqui
780 667 832 738 sas
847 672 906 756 sit,
928 675 1006 766 qui,
1023 670 1192 760 Pascbaii

181 795 252 885 die,
274 795 434 866 oblatam
455 800 640 866 victoriam
655 808 879 892 arrepturus,
894 819 978 865 cum
990 796 1192 891 Visigothis

182 943 311 992 manus
334 920 543 991 conseruit?
569 920 767 990 Maximum
794 923 830 989 in
864 943 1023 991 errorem
1050 919 1189 1018 lapsus,

181 1043 270 1117 dicit
296 1042 427 1116 ducem
457 1067 532 1116 esse
550 1043 757 1115 Gothorum
772 1042 1053 1142 Rhadagasium,
1077 1070 1189 1140 quem

181 1174 332 1245 Romam
348 1193 465 1266 usque
479 1182 685 1266 pergentem
701 1166 797 1240 facit.
813 1173 906 1266 Ergo
919 1173 1032 1240 nescit
1046 1168 1192 1243 Rhada-

180 1301 319 1392 gasinm
340 1298 520 1365 Etruriam
551 1298 720 1392 attigisse,
748 1318 815 1365 nec
834 1293 929 1365 ultra
952 1299 1188 1392 processisse3

170 1424 231 1514 ¹ita
246 1435 287 1491 ut
303 1418 532 1492 manifestum
546 1425 591 1491 sit
602 1444 685 1490 eum
698 1419 829 1492 Alarici
844 1442 899 1491 res
913 1417 1080 1490 tribuisse
1094 1417 1192 1491 Rha-

181 1542 358 1640 dagasio(
383 1547 409 1638 ).

230 1674 345 1740 Manu
362 1673 467 1739 etiam
483 1691 666 1740 versamus
682 1667 916 1754 Jornandem,
927 1693 1008 1765 quae
1019 1681 1053 1739 et
1064 1668 1191 1764 qualia

181 1791 379 1866 inventuri!
396 1799 531 1894 Nempe
544 1793 606 1865 ille
618 1800 676 1865 vix
691 1818 764 1865 una
785 1798 913 1892 pagina
928 1792 974 1865 de
984 1790 1140 1864 Arcadio
1156 1806 1192 1864 et

182 1924 346 1992 Honorio
367 1925 542 1993 meminit.
648 2013 651 2018 Ι

144 2134 147 2140 ⁴
231 2052 323 2120 Sunt
350 2062 471 2119 tamen
496 2051 577 2133 viri,
600 2042 803 2115 Claudiano
826 2043 995 2140 aequales,
1023 2048 1089 2141 qui
1115 2067 1191 2114 suae

182 2177 294 2244 aetatis
321 2170 413 2242 mala
444 2182 721 2268 perspexerunt,
743 2185 799 2260 et,
821 2183 875 2242 tot
896 2167 1053 2240 adversis
1080 2166 1192 2238 rebus

183 2299 285 2382 moti,
310 2298 441 2392 egregii
459 2309 607 2392 etpeue
628 2291 740 2364 divini
764 2298 876 2363 animi
896 2291 1046 2364 affectus
1062 2289 1193 2363 iacun·

182 2419 328 2494 dissime
347 2434 382 2491 et
400 2417 619 2491 viridissime
636 2417 858 2491 effuderunt.
882 2423 1014 2490 Divum
1032 2417 1192 2489 Ambro-

182 2550 290 2632 sium,
323 2544 449 2618 divum
480 2550 759 2642 Hieronymum,
790 2542 915 2613 divum
946 2545 1192 2639 Augustinum

182 2669 278 2742 dico,
300 2675 435 2742 Forsan
463 2669 612 2766 quidem
635 2675 659 2739 ii
684 2673 863 2759 miserius,
882 2667 1019 2765 quibus
1044 2656 1217 2740 labora?

182 2793 245 2866 bat
258 2800 471 2894 imperium,
489 2796 601 2888 justas
626 2808 679 2865 tot
699 2792 874 2866 scelerum
896 2792 1192 2889 flagitiorumque

183 2945 310 3018 poenas
320 2920 538 3015 judicantes,
555 2942 610 2989 res
626 2924 664 2989 in
680 2919 784 3016 pejus
797 2921 1021 3016 interpretati
1041 2930 1140 3006 sunt,
1156 2932 1193 2990 et

183 3049 320 3115 moestis
338 3043 643 3142 descriptionibus
664 3048 819 3114 nimium
838 3041 1082 3114 indulserunt.
1096 3031 1190 3113 'Bar-

183 3168 291 3240 baros
302 3173 399 3240 enim
414 3184 587 3266 tanquam
606 3194 705 3240 arma
719 3173 785 3240 Dei
803 3168 931 3240 ultoris
946 3167 1081 3239 babent
1091 3194 1100 3255 3
1120 3173 1192 3238 Ro·

184 3318 279 3365 mam
298 3308 420 3365 autem
439 3299 638 3384 iucensam,
657 3293 730 3366 iere
748 3293 827 3365 solo
847 3308 1039 3390 aequatam,
1058 3294 1191 3364 civium

174 3443 314 3492 eruore
333 3418 525 3518 poliutum,
544 3424 694 3492 Neronis
713 3435 748 3491 et
764 3424 962 3492 Domitiani
983 3432 1192 3519 portentosa

185 3543 346 3619 facinora
370 3548 498 3617 merito
520 3545 619 3618 luere
638 3543 835 3618 affirumnt.

232 3677 345 3743 Divus
366 3672 578 3744 Ambrosius
603 3698 701 3744 anuo
726 3673 794 3769 397
817 3674 972 3763 interiit3
999 3669 1060 3742 ille
1083 3675 1194 3767 igitur

220 3947 255 4018 (ij
276 3945 336 4002 Lib.
350 3946 409 4017 vu,
423 3963 447 4007 e.
465 3950 510 4021 25,
526 3950 571 4019 26,
582 3950 628 4008 27.
648 3946 770 4020 Lugduni
782 3947 957 4018 Batavorum,
971 3948 1051 4003 ⁴738.
