2744 4776
605 314 745 372 ..5-

172 470 508 569 Constantinopolis
545 467 775 543 contumeliis
816 469 1029 544 lacessendae
1066 485 1177 543 mate·
1279 459 1281 463 ¹

172 602 275 669 riam.
298 599 378 680 Non
404 612 525 669 autem
552 596 715 669 dicemus
747 621 831 670 enm
861 601 898 667 in
929 593 1116 668 laudando
1144 608 1181 666 et

171 728 209 794 in
239 721 467 820 castigand0,
494 736 733 821 patronorum
753 746 881 810 causa,
908 727 957 794 ita
979 745 1034 793 res
1064 735 1179 819 gestas

170 851 429 936 immutavisse‚
446 846 602 918 utnulla
617 852 649 919 ei
669 845 760 918 fides
777 844 986 918 adhibenda
1007 850 1067 917 sit.
1097 848 1176 917 Imo

172 977 309 1045 veroin
325 971 449 1048 multis
461 976 664 1045 carminum
679 969 781 1059 locis,
799 968 854 1041 vel
874 995 917 1042 ex
936 969 1055 1042 verbis
1074 968 1178 1042 obse·

171 1094 507 1193 quiosiadulatoris
525 1096 740 1193 clientisque
763 1094 922 1187 demissi,
943 1094 1052 1194 quale
1069 1093 1179 1168 fuerit
1263 1137 1275 1148 ·

172 1244 310 1310 verum,
324 1219 407 1293 lieet
417 1219 706 1320 deprehendere;
724 1225 756 1292 ei
766 1225 864 1291 enim
880 1225 992 1317 magis
1003 1233 1089 1292 nota
1102 1234 1179 1293 erat

172 1351 286 1418 Roma
311 1370 422 1444 quam
441 1360 494 1430 ut,
520 1371 601 1443 quae
616 1350 714 1417 intus
732 1359 938 1443 agerentur,
953 1370 1029 1417 non
1044 1344 1179 1418 diceret

171 1487 344 1570 tanquam
372 1477 520 1543 invitus.
551 1477 734 1561 Praeterea,
755 1495 968 1568 quanquam
987 1486 1092 1544 caute
1111 1471 1176 1543 illo

171 1596 349 1671 utendum
377 1611 448 1684 est,
482 1595 574 1668 adeo
602 1597 729 1693 jejuna
756 1610 842 1667 sunt
872 1622 953 1693 quoe
977 1594 1023 1668 de
1048 1602 1177 1696 primis

170 1726 322 1793 Honorii
340 1720 558 1819 Arcadiique
576 1698 809 1820 temporibus¹
822 1721 1176 1822 tradideruntscrip·

172 1861 280 1937 tores,
294 1845 522 1948 principibus
534 1843 607 1917 illis
617 1860 680 1918 aut
696 1845 852 1944 aequales
870 1862 933 1919 aut
952 1872 1042 1946 pene
1059 1873 1178 1946 aequa-

172 1972 245 2060 les,
279 1987 322 2044 nt
347 1977 540 2071 saepissime
567 1970 614 2044 ad
634 1970 897 2064 Claudianum,
928 1987 1105 2072 tanquam
1131 1973 1176 2046 ad

173 2097 311 2171 fontem
327 2097 570 2188 uberrimum,
581 2095 778 2194 confugere
796 2121 940 2171 necesse
951 2103 1009 2170 sit.
1026 2104 1077 2170 Ex
1090 2098 1179 2171 solis

172 2229 269 2295 enim
296 2223 408 2320 hujus
433 2221 656 2295 carminibus
686 2222 753 2293 tibi
769 2198 1035 2322 ¹repraesentare
1064 2229 1179 2323 possis

173 2346 335 2445 aliquam
364 2353 487 2420 Romae
509 2363 544 2419 et
570 2348 906 2447 Constantinopolis
926 2347 1082 2446 effigiem
1103 2375 1113 2420 z
1135 2375 1180 2422 ex

173 2472 1181 2573 iistantumpossisintelligereqnaeinfirma,quaevalida

173 2598 863 2697 habueriteaaetateConstantinopolis,
875 2614 929 2671 tot
940 2601 1179 2674 etiamsecula

173 2723 345 2796 adversus
364 2724 605 2797 barbarorum
620 2740 774 2798 conatus
798 2730 985 2815 restitura3
1009 2746 1044 2798 et
1058 2733 1180 2825 praeci·

173 2876 245 2951 pue
263 2851 394 2950 qualis,
412 2857 580 2924 extremis
597 2857 716 2950 quarti
731 2857 931 2950 primisque
942 2857 1062 2949 quinti
1077 2859 1115 2924 P.
1134 2858 1175 2924 C.

174 2977 284 3050 seculi
303 2983 422 3068 anuis,
437 2976 546 3049 fuerit
559 2983 693 3068 Roma,
715 2991 769 3048 tot
785 2975 888 3050 malis
906 2973 1033 3049 affecta
1049 2979 1178 3048 ruinae·
1263 3041 1266 3045 .

173 3127 252 3199 que·
268 3107 445 3202 proxima,
469 3106 588 3201 specie
612 3115 734 3173 tamen
760 3115 796 3173 et
813 3100 944 3174 habitu
968 3106 1076 3174 etiam
1100 3116 1179 3174 tum

174 3251 304 3324 magna
322 3243 357 3300 et
385 3243 526 3326 potens,
542 3232 592 3299 ita
607 3239 648 3298 ut
665 3225 849 3299 stiliconis
868 3225 1038 3299 laudibus
1056 3226 1181 3325 aliqua

174 3356 323 3424 materia
353 3351 479 3444 fuerit,
505 3353 658 3450 ejusque
691 3367 847 3425 mentem
879 3350 1070 3452 splendida
1096 3352 1175 3442 illa,

174 3481 338 3575 quamvis
349 3476 500 3572 caduca,
517 3477 730 3577 magnitudo
741 3476 847 3551 facile
863 3482 1023 3578 potuerit
1036 3501 1176 3577 capere.
