2744 4776
611 293 769 353 ..36-

326 451 372 519 Et,
389 450 484 524 patriis
496 449 602 524 plebem
616 451 712 508 castris
730 451 848 508 sociante
859 450 980 522 Quirino,

328 551 401 606 llars
412 554 525 621 augusta
538 548 580 606 sui
592 554 705 606 renovat
716 549 845 621 suffragia
856 549 946 624 campi
961 553 1009 620 (l).

231 760 436 852 Augusti,si
445 753 794 842 Claudianocredas,
805 770 969 854 tempora
979 755 1189 847 redierunt;

182 877 286 950 electi
300 894 385 950 sunt
397 884 637 976 magistratus,
649 905 744 977 quos
758 885 852 952 inter
867 894 1106 952 numerantur
1123 886 1192 950 im-

183 1017 327 1100 perator
345 1008 422 1102 ipse
435 1018 470 1074 et
486 1002 631 1092 Stilico;
655 1029 731 1074 non
762 1028 827 1102 per
846 1010 918 1074 vim
937 1018 1001 1075 aut
1021 1001 1189 1074 fraudem

182 1142 411 1226 occupantur
429 1127 610 1216 honores3
627 1127 801 1199 coluntur
821 1130 896 1224 jam
920 1132 1048 1227 optimi
1070 1128 1188 1223 majo·

182 1274 264 1321 rum
277 1275 411 1338 urores3
425 1275 576 1324 munera
586 1277 650 1323 sua
664 1266 761 1322 tenet
775 1257 903 1344 virtus,
917 1276 1000 1348 quae
1013 1257 1045 1322 ei
1066 1250 1189 1323 detra·

182 1371 267 1442 here
295 1397 370 1443 non
397 1372 489 1445 valet
513 1373 669 1464 invidia3
703 1397 770 1445 nec
800 1375 872 1471 jam
898 1379 1052 1446 Romam
1073 1372 1188 1473 pudet

182 1495 375 1568 consulum
395 1523 547 1570 suorum
562 1526 572 1588 3

322 1699 494 1772 lmperiosua
505 1698 591 1756 forma
605 1699 685 1770 redit,
700 1699 878 1771 claustrisque
893 1698 988 1756 solutae

284 1797 285 1800 ’
320 1795 454 1852 Tristibus
467 1811 617 1869 exsangues
629 1796 730 1854 audent
741 1796 888 1870 prooedere
901 1796 985 1869 leges.

323 1895 437 1967 Jamque
448 1900 595 1968 potestates
609 1895 714 1968 priscus
724 1894 893 1951 discriminat
905 1895 971 1950 ordo

320 1993 445 2063 lustitiae,
462 2007 531 2064 quas
545 1998 607 2049 ante
618 2008 698 2066 pares
709 1992 834 2048 effecerat
844 2008 896 2048 una

321 2090 398 2146 Nube
409 2091 533 2147 timor...
550 2089 596 2162 (θ).

322 2187 458 2242 Firmatur
468 2186 573 2242 senium
582 2185 661 2258 juris,
673 2185 844 2259 priscamque
857 2191 998 2242 resumunt

322 2283 455 2340 Canitiem
467 2282 550 2355 logne,
561 2282 792 2355 emendanturque
804 2288 920 2349 vetustae

324 2380 514 2453 acceduntque
527 2395 647 2438 norm...
661 2381 710 2454 (3).

180 2603 215 2659 et
244 2601 418 2658 rnenrorat
441 2585 665 2659 Claudianus
696 2583 865 2657 Solonem
899 2599 936 2657 et
960 2589 1183 2684 Lycurgum,

180 2736 254 2784 non
275 2717 403 2783 merito
421 2709 583 2809 quidem.
598 2714 690 2784 Nam
705 2723 801 2781 certe
819 2723 956 2782 mutata
978 2724 1028 2781 est
1051 2713 1182 2799 Roma,

180 2852 215 2909 et
236 2861 446 2935 quanquam
483 2833 655 2907 laudibus
686 2857 763 2906 eam
786 2833 935 2906 extollat
958 2848 1089 2934 poeta,
1115 2858 1182 2933 pa·

180 2970 284 3036 triam
300 2987 401 3034 suam
428 2987 503 3033 nou
533 2984 618 3032 sane
631 2964 817 3059 agnoverit
838 2964 1043 3058 Pompeius.
1065 2963 1184 3056 Agno-

180 3094 278 3159 verit-
295 3087 417 3158 forsan
449 3083 610 3156 infimam
633 3083 802 3183 plebem,
832 3108 943 3180 quam
963 3082 1070 3173 vidit,
1101 3098 1184 3180 post

179 3212 338 3284 devictos
350 3213 499 3308 piratas,
517 3207 652 3306 gaudio
672 3207 926 3298 exsultantem,
947 3211 1049 3304 quia,
1065 3205 1183 3277 libero

176 3340 252 3435 jam
277 3337 381 3425 mari,
398 3339 536 3405 Ostiam
561 3331 666 3405 facile
684 3330 963 3431 appellebantur
977 3355 1084 3402 nares
1100 3355 1183 3428 quae

179 3467 332 3533 Romam
357 3458 580 3530 frumentum
607 3454 846 3528 advehebant.

212 3755 250 3819 (l)
270 3751 305 3804 De
317 3753 392 3806 secolo
408 3747 552 3804 consulatu
564 3746 681 3802 Honoris·
691 3746 827 3818 Augusti,
840 3763 868 3803 v.
884 3748 912 3802 d.

213 3850 248 3922 (2)
267 3846 390 3903 lleBello
405 3846 507 3913 Getico,
521 3861 549 3900 v.
563 3846 606 3900 36.

213 3946 248 4019 (3)
269 3947 303 4001 Do
314 3951 410 4018 quarto
428 3941 569 4000 coomlotu
581 3941 696 4000 Honorii
709 3943 834 4014 aequati,
844 3957 871 3997 v.
886 3943 949 3999 503.
