2744 4776
662 787 711 873 VI

383 1069 567 1143 nuo-oto
588 1074 759 1133 utendo!
779 1071 992 1134 Claudiano.

231 1449 312 1519 Non
329 1459 447 1521 tomen
473 1450 542 1519 nisi
559 1445 724 1544 qnaednm
748 1447 924 1538 cavendo,
941 1446 1188 1521 Claudianum

183 1567 380 1643 adhibebo,
393 1574 517 1662 Quum
530 1576 626 1644 enim
641 1585 746 1669 poeta
761 1578 820 1659 sit,
832 1572 914 1644 ideo
928 1598 1003 1644 nou
1020 1588 1188 1646 coustan-

183 1708 237 1766 ter
251 1718 336 1768 vero
351 1699 522 1768 inserviit.
543 1701 711 1768 Praeterea
729 1703 860 1796 poesis,
884 1697 987 1769 nullo
1006 1713 1185 1798 tempore,

182 1819 282 1895 nullo
295 1825 332 1893 in
354 1846 404 1911 re,
421 1821 579 1895 historiae
594 1829 706 1896 vicem
720 1847 822 1921 agere
838 1839 974 1922 potest;
993 1830 1068 1897 imo
1081 1850 1183 1916 ver0,

181 1951 308 2047 incipit
323 1953 439 2047 poesis
467 1947 532 2020 ubi
553 1948 704 2020 historia
726 1941 870 2020 desinit.
900 1954 1033 2048 Magno
1058 1950 1187 2048 aliquo

181 2088 329 2163 eventu,
351 2088 459 2172 atque
478 2079 583 2144 etiam
608 2073 808 2171 aliquando
828 2099 957 2172 magna
977 2090 1099 2166 estate,
1125 2101 1186 2150 ca·

182 2195 293 2269 nendi
312 2203 454 2269 occasio
471 2211 585 2298 poetae
604 2197 804 2296 praebetnr3
823 2198 885 2271 itte
909 2202 1105 2298 permultas
1129 2227 1188 2274 res

181 2317 330 2420 colligit,
340 2346 415 2393 uon
431 2335 556 2414 ruens,
572 2322 697 2420 quales
710 2323 872 2416 fuerunt,
882 2331 1034 2398 omnino
1049 2341 1184 2416 narret,

182 2445 242 2519 scd
260 2447 470 2520 exornando
485 2463 520 2520 et
537 2449 718 2546 augendo,
739 2465 774 2520 et
792 2454 829 2520 in
844 2450 972 2522 melius
989 2451 1184 2542 mutando,

182 2597 240 2645 eas
257 2572 418 2672 quodam
447 2574 556 2647 modo
588 2589 706 2662 creet3
738 2575 784 2645 ad
812 2574 849 2645 id
870 2590 1029 2673 spectat,
1054 2592 1094 2651 ut
1116 2602 1186 2649 nos

181 2686 299 2798 capiet
316 2715 351 2771 et
365 2698 530 2790 deiectet,
553 2705 797 2799 potiusquam
813 2699 953 2772 doceat.
977 2704 1049 2792 Qui
1062 2713 1185 2774 autem

182 2828 275 2896 inter
293 2840 416 2927 poetas
441 2849 560 2897 rerum
582 2823 691 2897 fidem
720 2824 992 2923 diligentissime
1010 2831 1183 2917 servavit,

182 2953 364 3040 Lucanus,
377 2950 437 3022 itte
456 2956 513 3020 vix
535 2955 644 3049 epicis
660 2955 776 3048 poetis
791 2950 1053 3023 adscribendus
1067 2969 1130 3024 est.

230 3074 452 3148 Claudianus
470 3090 590 3147 cutem
604 3101 680 3148 non
698 3091 805 3176 poeta
830 3077 1099 3168 tantummodo,
1122 3078 1185 3150 sed

182 3204 287 3272 etiam
317 3204 495 3298 gratiosus
518 3199 615 3300 apud
647 3206 861 3300 principem.
893 3202 990 3275 Adeo
1022 3230 1096 3276 non
1130 3229 1186 3278 ca-

182 3323 294 3399 nendi
310 3331 494 3398 materiam
514 3327 612 3398 ultro
628 3326 740 3424 eligit,
757 3342 798 3398 ut
818 3352 859 3400 ea
884 3345 1009 3401 contra
1033 3330 1080 3401 ab
1105 3330 1184 3403 aliis

181 3456 248 3551 ipsi
262 3465 499 3551 proponatur.
516 3456 682 3551 Principe
699 3450 755 3523 vel
771 3468 926 3550 patrono
945 3468 1092 3526 auctore
1107 3477 1182 3526 ver-

181 3602 241 3649 sus
255 3576 358 3668 facit3
381 3592 417 3649 et
430 3582 654 3676 quicumque
671 3583 717 3650 sit
736 3578 790 3649 vel
809 3577 899 3670 dies,
916 3579 970 3650 vel
985 3579 1100 3670 locus,
1118 3580 1182 3654 ubi

176 3702 298 3798 jussus
312 3717 377 3791 est,
396 3703 497 3798 jussa
512 3702 604 3773 nihil
634 3717 807 3775 moratur.
832 3706 964 3777 Utrum
983 3720 1103 3777 autem
1126 3732 1182 3778 res

181 3850 310 3924 magna
327 3833 430 3898 sitan
447 3827 746 3926 pa1·va‚.laudean
762 3829 1041 3928 reprehensione
1056 3830 1179 3928 digna,

179 3980 306 4065 parum
324 3952 442 4031 refert.
459 3956 541 4030 Non
563 3978 735 4052 negamus
760 3961 862 4031 istam
892 3963 1028 4056 poesim
1054 3983 1180 4059 parurn
