2744 4776
595 293 754 351 ..23-

319 448 424 504 Ludunt
436 447 498 520 igne
507 448 607 517 trabes,
618 453 645 503 et
659 465 713 505 non
724 450 857 521 permissa
869 451 967 506 morari

319 545 385 602 Fida
403 561 452 618 per
464 545 593 602 innocuas
605 552 697 603 errent
709 547 833 603 incendia
848 553 936 605 turres
954 548 1001 622 (t).

239 704 322 772 Sine
342 695 458 771 dubio
485 697 539 769 illi
558 697 637 770 festi
666 699 742 770 dies
770 723 789 771 a
815 699 954 800 populo
977 719 1187 774 senescente

179 840 356 924 aguntum
378 823 529 896 sednon
548 829 617 895 nisi
631 829 669 895 in
685 848 812 921 magna
832 839 867 896 et
887 823 1061 923 opulenta
1076 827 1184 918 urbe,

179 976 259 1049 quae
271 949 403 1022 divitiis
417 964 452 1021 et
468 948 679 1022 hominibus
692 949 870 1038 abundat,
890 951 1188 1048 quaetranquilla

179 1078 328 1147 exitium
349 1079 541 1145 imminens
558 1071 707 1171 quidem
727 1073 894 1145 nondum
909 1079 1022 1163 timet,
1042 1080 1099 1173 agi
1115 1100 1186 1173 po·

181 1214 341 1272 tuerunt.
360 1203 425 1270 Per
438 1204 512 1271 vias
531 1197 576 1270 ad
597 1204 732 1271 circum
754 1214 789 1271 et
808 1197 854 1270 ad
875 1198 1054 1272 theatrum
1075 1199 1186 1272 turba
1294 1202 1297 1207 ’

181 1331 255 1398 ruit
271 1323 442 1422 frequens
465 1339 501 1396 et
525 1324 659 1415 densa3
691 1330 784 1396 intra
808 1324 890 1396 iilos
919 1349 1043 1397 muros
1068 1350 1187 1424 nuper

183 1457 322 1551 magnis
344 1457 514 1551 impensis
535 1457 731 1543 restitutos,
758 1457 794 1523 in
819 1450 1186 1550 magnificentissimis

183 1576 336 1668 aedibus,
350 1591 481 1649 cuncta
499 1576 702 1676 splendida,
718 1576 836 1649 alente
851 1582 949 1649 intus
963 1602 1095 1676 magno
1111 1582 1186 1675 spi·

183 1708 269 1791 ritu,
291 1717 476 1801 apparent.
496 1709 579 1775 Haec
593 1717 646 1774 est
660 1701 770 1792 urbs,
792 1729 873 1801 quae
894 1701 1035 1775 tamdiu
1056 1702 1186 1777 orbem

183 1833 286 1919 rexit,
310 1833 509 1902 etiamtum
526 1833 687 1927 gentium
704 1834 825 1925 regina
837 1843 872 1900 et
890 1826 1124 1901 dominatrix.

672 2332 710 2416 ΙΙ

588 2613 796 2690 rupertum.

240 2955 356 3022 Roma
374 2964 410 3021 et
427 2953 620 3046 imperium
636 2945 699 3018 diu
718 2945 830 3016 altera
848 2942 895 3016 ab
911 2944 1024 3015 altero
1048 2940 1193 3012 fuerant

191 3074 371 3146 distincta.
393 3079 510 3144 Roma
527 3077 625 3143 enim
645 3075 684 3141 in
705 3073 916 3142 memoriam
939 3080 1083 3140 revocat
1101 3061 1193 3136 illud

193 3208 413 3272 immensum
433 3201 689 3296 municipium,
711 3196 816 3293 cujus
835 3199 928 3265 cives
947 3217 984 3264 se
1002 3190 1115 3278 solos,
1131 3214 1193 3263 ex·

194 3326 303 3398 elusis
341 3323 512 3397 omnibus
555 3321 648 3410 aliis,
691 3326 876 3392 Romanos
911 3314 1190 3417 profitebantur.

194 3456 313 3544 Quam
325 3447 653 3550 parcehominibus
665 3443 1197 3517 extraurbismurosnatisam·

194 3576 396 3676 plissimum
411 3573 503 3646 ittnd
517 3576 668 3644 civitatis
689 3571 749 3667 jus
763 3563 940 3640 dabatur!
964 3569 1062 3657 Quin
1087 3568 1195 3635 etiam

194 3707 344 3774 Latinus
364 3706 428 3794 vir,
446 3698 501 3771 vel
526 3696 688 3787 Italicus,
701 3694 756 3766 vel
776 3690 1020 3794 provincialis,
1037 3688 1102 3760 illo
1114 3689 1198 3785 jure

230 3975 267 4042 (t)
285 3972 319 4028 m
331 3969 424 4026 stavit
439 3966 531 4025 Matttt
546 3926 675 4021 Theodori
688 3959 875 4026 consulatum,
892 3974 918 4012 v.
935 3958 963 4012 st
974 3960 997 4010 t.
