2744 4776
597 329 754 403 -ar-

178 490 354 559 circenses
373 484 542 577 ludos,in
563 487 713 583 quibus,
725 510 788 557 seu
804 484 1046 583 gladiatorum
1063 493 1184 579 armis,

179 637 241 684 seu
262 612 420 684 ferarum
441 610 625 700 dentibus,
652 611 844 703 hnmanae
864 629 974 683 crum
999 620 1071 684 tam
1091 613 1188 711 large

179 736 344 836 profluit,
374 751 619 837 portentosam
640 737 928 834 magnitudinem
954 745 1099 828 testari;
1121 762 1187 811 nec

180 861 405 936 exsecrandae
426 886 511 933 sane
535 861 587 933 illi
611 863 850 960 magnitudini
873 889 941 935 nos
959 863 1186 953 invidemust

182 1015 259 1062 eam
283 1004 402 1065 tamen
424 1012 554 1086 negare
572 1011 645 1059 uon
666 985 762 1059 licet.
776 993 810 1058 Si
827 995 909 1085 quis
925 996 1021 1060 euim
1041 1008 1187 1062 arenam

181 1091 397 1205 intravisset,
412 1128 446 1185 et
460 1112 593 1212 gradus
612 1127 665 1184 tot
685 1112 846 1185 millibus
867 1129 1112 1213 spectatorum
1133 1137 1187 1185 re·

181 1240 291 1313 fertus
302 1237 569 1338 contemplatus
582 1238 719 1329 luisset,
728 1229 998 1338 audivissetque
1009 1241 1188 1312 clamores

183 1365 310 1464 populi
324 1362 515 1464 gaudentis
539 1363 590 1434 vel
613 1369 812 1454 irascentis,
831 1364 919 1436 dum
940 1364 1188 1452 leolrenreret,

182 1488 236 1561 vel
255 1489 374 1562 Thrax
393 1504 606 1580 moreretur,
619 1489 679 1562 ille
691 1489 903 1588 degenerem
924 1474 1067 1588 gentem
1088 1514 1188 1578 sane,

163 1597 243 1686 ‘sed
280 1618 470 1686 niaximum
505 1612 632 1684 urbem
659 1618 861 1712 agnovisset
893 1629 928 1686 et
957 1614 1189 1714 opulentissi-

186 1762 294 1811 mara.

234 1862 305 1934 Ubi
325 1877 445 1935 autem
462 1887 676 1962 magnorum
692 1863 840 1936 illorum
854 1869 1091 1959 certaminum
1108 1863 1195 1935 finis

184 1986 362 2076 adfuerat,
383 2014 464 2058 mox
481 1987 600 2058 videre
616 2004 705 2075 erat,
721 1978 918 2088 superfusis
933 2015 1048 2061 arente
1066 1988 1189 2076 undis,

1248 1940 1261 1972 Q

186 2114 328 2212 rapidas
344 2138 449 2186 naves
469 2118 504 2185 in
526 2114 648 2185 subito
665 2120 754 2184 mari
773 2115 982 2213 confligere,
1005 2131 1039 2187 et
1055 2120 1192 2186 immis-

187 2264 246 2311 sos
263 2237 396 2311 fluctus
416 2237 484 2309 sub
498 2238 696 2337 remigibus
712 2264 892 2338 spumare.

237 2364 378 2436 Deinde
393 2389 412 2436 c
427 2370 525 2437 circo
539 2369 577 2435 in
593 2365 775 2438 theatrum
790 2367 933 2439 ibatur:

332 2624 388 2679 Nec
403 2622 496 2678 molles
508 2627 605 2693 egeant
623 2629 685 2678 nata
698 2622 838 2679 dulcedine
852 2622 906 2679 ludi
918 2641 924 2693 ;

331 2721 382 2791 Qui
396 2721 464 2777 laetis
481 2706 679 2778 usamentum
692 2713 809 2777 metisse
824 2722 944 2790 facetus,

331 2819 383 2888 Qui
398 2824 465 2874 nutu
479 2819 657 2890 manibusque
671 2821 767 2891 loquar
778 2840 785 2892 ;
798 2822 842 2875 cui
856 2821 921 2875 tibia
933 2819 1014 2887 llatu,

332 2917 381 2974 Cui
392 2917 494 2989 plectro
507 2917 639 2991 pulsanda
651 2917 758 2990 chelys,
773 2921 818 2991 qui
836 2919 937 2992 pulpita
950 2935 1028 2975 socco

331 3016 469 3086 Personat,
486 3021 533 3074 aut
544 3015 598 3072 alte
608 3017 731 3087 graditur
741 3019 995 3088 majoramtlrurnu.

334 3201 382 3266 Vel
393 3202 438 3282 qui
453 3226 528 3268 mora
537 3197 628 3268 avium
640 3228 699 3268 sese
708 3213 862 3289 jaculantur
871 3214 899 3269 ia
910 3230 999 3283 aurae,

338 3294 510 3381 corporaque
524 3299 658 3365 aarum
671 3309 751 3366 celeri
765 3308 912 3367 crescentia
924 3319 1010 3381 nexn3

260 3459 263 3462 ,
332 3401 453 3474 Quorum
463 3407 637 3478 compositam
650 3416 717 3481 puer
730 3414 885 3465 amaturus
895 3409 925 3463 ln
935 3405 1024 3465 arcera

334 3504 449 3574 Emicat,
464 3510 502 3576 et,
517 3505 623 3561 vinctus
633 3507 732 3579 plautae
741 3507 785 3562 val
797 3507 921 3562 eruribus
935 3507 1055 3573 haerena,

334 3602 454 3659 Pendula
467 3603 563 3659 libratu
574 3603 639 3673 ligat
650 3605 764 3677 vestigia
778 3605 858 3662 saltu.

336 3694 433 3756 Mobile
446 3700 611 3772 ponderibus
621 3698 767 3758 descendat
780 3717 877 3776 pegma
893 3701 1020 3770 reductis,

334 3794 499 3870 rnqastmu
513 3792 631 3871 spetlum
645 3800 803 3873 spargentes
818 3801 902 3856 ardna
916 3797 1039 3856 flammas

338 3896 424 3951 Scena
436 3901 506 3951 rotat
519 3915 524 3950 :
540 3896 628 3952 varios
640 3897 750 3969 effingat
766 3897 893 3953 Mulciber
906 3897 985 3954 urbas

335 3993 385 4049 Per
400 3992 504 4049 tabulas
516 3993 625 4066 impune
636 4010 733 4066 vagus,
747 3995 881 4068 pictaeque
891 3996 974 4053 citato
1083 3996 1088 4006 '
