2744 4776
613 298 753 358 ..7-

176 456 295 530 multa
313 470 399 530 sunt
417 481 497 554 quae
512 459 604 528 inter
617 481 654 528 se
672 470 848 556 pugnant.
869 458 911 531 Id
932 484 1046 533 unum
1062 466 1187 560 praeci-

180 609 316 682 puum,
349 596 385 653 et
416 581 462 653 ad
499 595 611 652 totam
647 595 785 654 :etatem
819 588 1022 680 pertinens,
1056 611 1187 686 nempe

181 708 410 798 christianos,
427 705 635 778 infirmitate
650 732 771 779 rerum
791 714 1007 808 imperiique
1022 711 1188 785 cladibus

82 899 85 903 .
184 838 338 923 territos,
361 831 549 932 desperare
569 832 695 922 videri,
712 832 802 906 dum
822 840 971 933 paganis
982 836 1094 910 multa
1107 863 1188 938 spes

182 972 355 1059 superest.
1266 938 1269 942 ⁴

127 1098 131 1103 '
231 1084 299 1158 Sed
337 1099 526 1183 propterea
564 1087 717 1154 maxime
754 1088 946 1182 scriptores
984 1083 1187 1158 Claudiano
1219 1178 1222 1184 Ι

184 1209 340 1306 aequales
366 1207 544 1306 arguendi
573 1221 677 1301 sunt,
701 1207 803 1305 quod
827 1207 942 1284 multa
960 1214 998 1280 in
1019 1215 1069 1281 eis
1099 1209 1190 1283 adeo

185 1333 378 1423 deliciunt,
407 1348 529 1404 utres
561 1331 633 1403 illis
664 1332 891 1432 temporibus
917 1348 1032 1432 gestas
1055 1340 1192 1434 optime

186 1465 351 1531 omnium
374 1458 536 1530 retulerit
559 1474 677 1556 poeta.

233 1587 331 1652 Inter
342 1607 514 1680 paganos,
528 1581 573 1653 de
585 1581 737 1654 Arcadio
751 1597 785 1653 et
799 1589 977 1676 Honorio,
993 1583 1192 1657 Theodosii

186 1704 287 1794 filiis,
318 1713 460 1806 scripsit
486 1712 668 1797 Zosimus,
705 1723 741 1778 et
771 1732 814 1778 eo
843 1723 968 1780 tenore
995 1724 1036 1781 ut
1068 1709 1193 1782 nullus

158 1853 161 1857 ·
187 1856 263 1903 non
281 1833 500 1904 christianus
519 1831 572 1902 illi
588 1839 633 1903 sit
655 1838 785 1933 impar,
802 1859 1015 1932 quanquam
1035 1841 1131 1907 varia
1150 1861 1193 1907 ex

186 1962 292 2028 variis
321 1963 546 2057 excerpserit.
587 1962 663 2031 Nisi
698 1972 817 2031 tamen
849 1959 894 2030 de
931 1964 1091 2057 antiquis
1125 1959 1195 2033 diis
1268 1958 1272 1965 ’

187 2095 389 2181 eorumque
399 2088 560 2182 potentia
570 2082 749 2182 stupenda
760 2100 934 2175 narraret,
947 2090 1030 2157 satis
1042 2085 1194 2183 diligens
1212 2173 1216 2178 ι

188 2223 222 2280 et
243 2207 392 2281 sedulus
422 2208 615 2280 videretur.
643 2207 766 2280 Rebus
791 2224 912 2282 autem
940 2215 1091 2309 narratis
1119 2236 1194 2284 nou

189 2349 355 2406 movetur
385 2336 464 2431 ejus
498 2339 654 2405 animus.
685 2333 793 2424 ·Quid
825 2335 870 2407 ad
904 2334 1009 2407 illum
1038 2339 1195 2407 Orientis

186 2458 330 2530 clades?
348 2462 465 2529 Armis
489 2457 622 2529 Alarici
644 2456 786 2530 vastatae
809 2463 954 2532 Graeciae
980 2460 1098 2554 urbes
1112 2462 1194 2535 rue·

190 2598 276 2655 runt
303 2611 310 2654 :
339 2608 414 2655 non
447 2609 531 2655 vero
564 2588 795 2656 miseratione
828 2590 987 2683 tangitur
1011 2591 1192 2676 Zo'simus;

189 2709 331 2781 ltaliam
345 2709 527 2808 populatae
541 2723 625 2780 sunt
638 2724 773 2806 gentes,
787 2735 877 2807 quas
891 2709 1195 2784 tamdiu-Romaui

190 2833 416 2907 devicerant:
441 2860 568 2933 parum
587 2849 689 2906 curat
702 2860 822 2907 comes
836 2851 871 2907 et
883 2834 960 2906 fisci
974 2832 1170 2908 advocatus
1182 2862 1191 2927 3

191 2957 358 3030 defensus
373 2960 453 3030 altis
470 2958 668 3048 moenibus,
685 2960 776 3031 nihil
789 2959 1085 3057 timetVisigothi
1099 2966 1195 3032 enim

191 3082 236 3154 ad
262 3084 616 3182 Constantinopolim
643 3100 881 3175 accesserant,
916 3084 979 3157 sed
1018 3091 1197 3158 cautiores

190 3234 300 3306 quam
312 3224 351 3281 ut
364 3234 442 3281 eam
453 3209 673 3281 obsiderent.
691 3210 900 3283 Stiliconem
912 3235 995 3283 vero
1006 3235 1073 3284 nec
1084 3225 1193 3301 amat,

192 3360 257 3407 nec
286 3336 493 3433 magnifacit
518 3341 699 3423 Zosimus,
734 3361 945 3435 quanquam
974 3336 1035 3408 ille
1056 3362 1150 3435 opus
1175 3362 1197 3408 a

191 3484 324 3558 magno
341 3460 546 3532 Theodosio
574 3467 759 3559 inceptum
784 3477 858 3533 tam
878 3461 986 3560 digne
1006 3483 1197 3560 persequa-

190 3599 267 3675 tur;
284 3609 369 3657 eum
384 3609 469 3657 sane
489 3585 638 3676 Rufino,
660 3591 775 3659 Gaina
789 3602 824 3658 et
841 3591 1017 3686 Eutropio
1032 3590 1196 3685 superio·

192 3734 266 3781 rem
283 3707 435 3799 fatetur3
452 3716 518 3780 viri
538 3724 658 3782 autem
675 3734 761 3783 nece
778 3716 925 3782 minime
942 3725 1128 3783 movetur:
1150 3735 1196 3782 ne

191 3860 266 3906 uno
290 3834 439 3933 quidem
459 3836 570 3908 verbo
589 3842 862 3936 interemptores
882 3837 974 3933 ejus,
992 3840 1196 3907 Honorium

190 3975 300 4058 atque
321 3962 549 4061 Olympium,
584 3977 685 4035 notat
709 3976 744 4036 et
768 3959 929 4036 damnat.
962 3961 1049 4035 Ideo
1074 3961 1194 4034 solum
