2744 4776
576 322 734 425 ..03¹-

297 522 347 578 Tot
359 520 474 592 Galate,
486 526 525 579 tot
533 523 633 580 Pontus
644 530 699 594 eat,
715 530 754 581 tot
766 522 851 606 Lydia
860 524 988 583 nummis.

298 621 326 677 st
340 621 448 698 Lyciam
467 621 586 678 tenuisse
600 622 678 692 velis,
693 627 733 680 tot
746 621 829 678 millia
843 636 947 696 ponas;

300 717 329 774 st
343 719 474 794 Phrygas,
491 718 561 778 adde
572 737 678 792 parum.
699 719 816 794 Proprtae
830 721 924 777 solatia
937 721 1002 778 sorti

204 829 210 833 ’
299 817 459 875 Communes
472 819 530 874 vult
542 835 602 876 esse
612 825 699 890 notas,
714 825 742 876 et
752 818 877 875 venditus
889 815 946 892 lpse
1047 844 1049 848 ·

298 915 421 972 Vendere
435 913 532 972 cuncta
544 917 620 990 cupit
634 936 640 973 :
656 923 806 974 certantum
819 933 891 990 saepe
904 917 1016 974 duorum

296 1013 436 1070 Diversum
448 1013 587 1087 suspendit
599 1029 680 1085 onus;
696 1030 757 1070 curn
772 1013 889 1086 pondere
900 1011 982 1086 judex

297 1107 401 1184 Vergit,
418 1113 446 1169 el
458 1106 485 1169 ln
499 1113 620 1185 geminas
631 1117 709 1170 nutat
723 1113 859 1187 provincie
874 1111 965 1170 lances
978 1118 1023 1175 tt).

205 1295 299 1365 Proh
315 1292 449 1392 pudor!
467 1303 592 1366 rursus
606 1300 820 1394 Eutropium
834 1295 994 1367 eurrrrchi
1011 1300 1158 1369 nornine

156 1418 346 1510 lacessens,
355 1419 539 1514 ‘exclarnat
553 1449 560 1490 :

303 1661 513 1676 ........
536 1614 639 1677 l'raebet
656 1619 785 1676 miraculo
798 1619 875 1676 lictor

299 1718 413 1777 Consule
429 1713 551 1776 nobilior.
575 1760 580 1773 .
604 1759 609 1770 .
634 1758 639 1770 .
662 1719 707 1787 (2).

204 1900 341 1974 Relicto
361 1895 592 1985 antemium,
616 1893 679 1968 ubi
704 1901 835 1969 'cuncta
853 1923 1005 1971 munera
1025 1926 1159 1973 venun·

155 2027 307 2115 dantur,
336 2029 373 2095 in
404 2037 580 2098 secretum
610 2021 798 2120 palatium,
830 2019 894 2095 ubi
928 2047 983 2094 res
1020 2030 1159 2123 imperii

154 2166 323 2249 aguntur,
349 2146 615 2248 penetrandum
640 2163 704 2219 ost.
730 2145 859 2220 Subito
884 2173 928 2220 ex
958 2152 1039 2220 Asia
1061 2148 1160 2221 bello

44 2362 49 2369 ἱ
155 2288 251 2364 ort0,
263 2289 298 2346 et
313 2273 467 2371 Phrygia
489 2271 537 2344 ab
554 2273 785 2371 Ostrogothis
798 2286 946 2364 vastata,
960 2274 1160 2347 concilium

153 2415 258 2473 vocat
292 2405 502 2497 Eutropius.
528 2382 746 2471 Pudendurn
777 2398 872 2471 istud
901 2400 1098 2473 concilium
1125 2418 1160 2474 et

155 2526 323 2601 homines
345 2536 490 2598 vocatos
513 2525 833 2597 vehementissimis
852 2524 1016 2598 versibus
1049 2524 1159 2600 Glau-

154 2649 286 2724 dianus
300 2649 477 2749 depinxit.
499 2655 552 2720 Eo
567 2649 723 2722 infamiae
745 2647 963 2723 devenerant
987 2656 1158 2742 Romani,

156 2775 255 2847 orbis
280 2791 456 2849 terrarum
482 2772 642 2850 dominil
668 2774 868 2866 Quornodo
894 2790 1016 2850 autern
1044 2791 1160 2874 poetae

155 2899 264 2972 verba
280 2903 317 2970 in
337 2898 492 2970 dubium
512 2923 734 2988 revocemus,
754 2925 869 2996 qrrtrru
890 2899 1015 2970 eadent
1028 2907 1158 2972 carmi-

156 3024 265 3096 nibus
281 3029 354 3096 suls
370 3022 513 3111 reserat,
530 3041 610 3126 quae
631 3019 749 3096 multo
765 3027 848 3095 ante
866 3024 1078 3099 luvenalis?

205 3155 382 3224 Vocatutn
401 3164 454 3221 est
472 3148 692 3225 concilium:
807 3125 812 3133 ⁸

300 3393 454 3412 ......
509 3395 514 3407 .
535 3340 652 3415 iuvenes
667 3367 765 3409 venero
779 3340 912 3426 protervi,
974 3335 977 3342 ’

299 3441 459 3526 Lascivique
473 3465 560 3520 sones,
574 3439 673 3524 quibus
690 3455 730 3506 est
744 3437 856 3523 insignis
868 3440 964 3506 edendi

297 3548 397 3618 Gloria,
414 3555 607 3624 corruptasque
617 3547 701 3627 dapes
714 3547 820 3606 variare
832 3538 975 3615 decor‘uur;

297 3647 348 3715 Qui
361 3652 482 3702 ventrem
498 3645 613 3700 invitant
628 3646 723 3718 pretio,
736 3646 898 3715 traduntque
911 3643 1000 3717 palato

193 3940 228 4012 (l)
249 3939 281 3994 lo
294 3939 474 4012 Eutropium,
488 3936 534 3992 lib.
547 3932 568 4005 l,
584 3955 610 3998 v.
625 3939 687 3995 aot.

194 4038 231 4111 ld)
249 4039 283 4094 lu
296 4037 474 4110 Eutropium,
486 4033 532 4090 tio.
549 4035 581 4106 ll,
595 4051 625 4096 v.
636 4036 682 4107 to,
700 4039 762 4094 too.
