2744 4776
590 317 749 378 ...239-

127 471 129 474 ’
171 478 258 548 lime
288 482 398 573 igitur
425 475 535 548 fidem
568 475 763 547 tribuimus
796 491 925 572 poetae,
957 481 1020 572 qui
1054 491 1175 572 gentes

172 607 357 674 universas
375 600 539 700 depingit
560 606 687 672 victori
722 605 853 698 gratias
885 616 1047 697 agentes,
1072 616 1107 671 et
1129 599 1177 671 ab

175 732 392 824 imperatore
421 725 653 798 consulatum
673 730 801 798 victori
828 739 999 824 petentes.
1028 723 1093 795 Ille
1112 749 1173 795 au·

177 866 248 923 tem
264 855 417 923 Honorii
430 876 539 923 curru
555 867 678 922 vectus
692 857 842 923 Romam
864 855 1025 941 intravit;
1050 866 1084 922 et
1105 851 1178 947 jam

177 967 338 1076 populus
356 981 388 1047 ei
407 991 540 1048 statuas
555 981 658 1073 ponit
676 1004 683 1046 :

322 1154 381 1222 Qua
390 1152 502 1225 dignum
512 1161 538 1210 to
547 1153 626 1210 laude
641 1153 736 1224 leram,
747 1153 793 1225 qui
807 1170 874 1225 pene
887 1155 973 1224 ruenti

323 1252 496 1324 Lapsuroquo
510 1258 570 1310 tuos
578 1252 704 1309 humeros
715 1251 845 1324 objeceris
854 1252 911 1308 orbi
921 1252 979 1318 (tit

232 1402 320 1475 Ideo
337 1428 422 1477 sane
437 1409 629 1503 scriptores
647 1400 956 1503 quidam‘decepti
973 1420 1071 1494 sunt,
1085 1405 1186 1501 quod

183 1528 305 1602 Stilico
320 1512 504 1602 Alaricum
523 1531 676 1602 mediam
694 1535 731 1601 in
750 1530 888 1601 Italiam
906 1547 1090 1629 penetrare
1104 1555 1184 1627 pas·

185 1679 245 1725 sus
263 1668 327 1725 est.
356 1659 558 1727 Exercitum
584 1669 703 1726 antem
727 1680 801 1727 uon
818 1655 994 1742 habebat3
1019 1663 1186 1726 nuntiato

186 1778 317 1851 Alarici
336 1783 502 1869 incursu,
523 1785 639 1852 statim
660 1780 705 1852 ad
729 1786 923 1853 sevocavit
948 1781 1187 1851 barbarorum

168 1903 341 1996 auxilia,
375 1917 576 2001 vocataque
603 1907 733 2000 coegit,
763 1920 798 1975 et
826 1909 942 2001 rapuit
978 1909 1013 1972 in
1047 1904 1191 1993 hostes;

188 2033 299 2126 igitur
311 2027 495 2099 invadenti
505 2027 648 2100 Alarico
660 2033 831 2119 occurrit,
842 2028 908 2100 ubi
921 2032 1076 2126 primum
1093 2029 1194 2100 licuit

190 2178 395 2226 occurrere.
412 2159 514 2226 Duce
533 2169 569 2226 et
588 2158 733 2254 auspice
750 2154 934 2239 Stilicone‚
952 2159 1065 2225 Roma
1082 2140 1193 2225 victo·
1237 2221 1240 2226 .

129 2367 136 2373 .
190 2283 280 2350 riam
307 2304 351 2351 ex
377 2283 559 2376 insperato
588 2279 656 2350 sibi
683 2278 860 2369 vindicam
900 2305 981 2349 mox
1021 2285 1193 2376 peritura,

194 2403 381 2504 triumpho
396 2408 500 2502 quasi
515 2403 698 2503 sepelitur.

242 2528 357 2627 Igitur
372 2534 622 2602 accusantium
645 2527 816 2599 invidiam
830 2534 1073 2628 supereminet
1089 2529 1197 2600 Clau·

196 2653 340 2726 dianus.
358 2660 472 2726 Heros
490 2668 615 2744 exstat,
638 2679 684 2725 ne
700 2652 856 2725 violatus
870 2653 1018 2750 quidem
1042 2658 1199 2726 Orientis

197 2774 283 2849 odio
297 2804 305 2849 :

441 2999 447 3010 .
524 2998 530 3011 .
571 2997 577 3009 .
617 2954 755 3010 Discordia
769 2956 869 3029 quippe

341 3053 432 3122 Quum
444 3051 580 3121 tremeret,
594 3067 731 3123 nunquam
743 3052 836 3110 Stilioo
849 3053 888 3110 sic
900 3054 1008 3111 canduit
1020 3055 1076 3126 ira,

341 3149 570 3223 Saepelaoessitus
584 3150 699 3222 probris,
713 3150 863 3224 gladiisque
877 3153 987 3224 potitus,

343 3245 379 3300 Ut
392 3243 462 3300 bello
473 3244 557 3300 turias
570 3244 665 3324 ultum,
678 3260 746 3317 quas
753 3246 872 3319 pertulit,
884 3248 936 3302 iret

344 3343 446 3413 illicito,
462 3358 626 3414 causamque
636 3343 713 3400 daret
721 3343 845 3400 civilibus
854 3345 937 3400 armis
951 3351 959 3410 t
980 3351 998 3409 J.

205 3503 298 3572 Num
321 3521 403 3567 vero
421 3519 556 3568 nocens
570 3494 942 3592 judicabiturStilicO,
963 3504 1062 3595 quia,
1084 3504 1205 3571 Hono·

241 3795 277 3867 (t)
296 3793 335 3849 De
347 3791 485 3849 Laudibus
502 3792 653 3862 Stilirom's,
665 3794 711 3850 lib.
722 3797 753 3866 n,
763 3811 789 3850 v.
799 3797 947 3853 ats.-m
960 3805 1037 3855 teoto
1056 3801 1208 3871 consulatu,
1221 3869 1223 3874 Ι

206 3909 234 3950 r.
248 3891 546 3962 578.-1n1tufinum,
560 3892 607 3947 lib.
623 3893 644 3963 Ι,
657 3911 685 3949 v.
699 3896 761 3949 273.

219 4008 225 4015 ‘
245 3991 279 4062 (2)
300 3990 336 4045 Dc
349 3988 486 4045 Laudibus
494 3990 645 4059 stiliconis,
656 3990 692 4046 lib
718 3993 750 4061 n,
764 4009 789 4048 v.
806 3997 850 4050 8t.

680 4094 686 4105 '
1088 4098 1104 4150 t
