<?xml version="1.0" encoding="UTF-8"?>
<!DOCTYPE html PUBLIC "-//W3C//DTD XHTML 1.0 Transitional//EN"
    "http://www.w3.org/TR/xhtml1/DTD/xhtml1-transitional.dtd">
<html xmlns="http://www.w3.org/1999/xhtml" xml:lang="en" lang="en">
 <head>
  <title>
</title>
<meta http-equiv="Content-Type" content="text/html;charset=utf-8" />
  <meta name='ocr-system' content='tesseract 3.04.00' />
  <meta name='ocr-capabilities' content='ocr_page ocr_carea ocr_par ocr_line ocrx_word'/>
</head>
<body>
  <div class='ocr_page' id='page_1' title='image "./quidadhistoriam00chotgoog_0086.png"; bbox 0 0 2744 4776; ppageno 0'>
   <div class='ocr_carea' id='block_1_1' title="bbox 486 1426 859 1523">
    <p class='ocr_par' dir='ltr' id='par_1_1' title="bbox 486 1426 859 1523">
     <span class='ocr_line' id='line_1_1' title="bbox 486 1426 859 1523; baseline -0.011 -1"><span class='ocrx_word' id='word_1_1' title='bbox 486 1426 859 1523; x_wconf 84' lang='lat' dir='ltr'><strong>CONCLUSIO.</strong></span> 
     </span>
    </p>
   </div>
   <div class='ocr_carea' id='block_1_2' title="bbox 169 2254 1189 4114">
    <p class='ocr_par' dir='ltr' id='par_1_2' title="bbox 169 2254 1189 3495">
     <span class='ocr_line' id='line_1_2' title="bbox 218 2254 1172 2341; baseline -0.008 0"><span class='ocrx_word' id='word_1_2' title='bbox 218 2272 325 2341; x_wconf 79' lang='lat' dir='ltr'>Nunc</span> <span class='ocrx_word' id='word_1_3' title='bbox 350 2279 390 2337; x_wconf 91' lang='lat' dir='ltr'>ut</span> <span class='ocrx_word' id='word_1_4' title='bbox 413 2278 573 2339; x_wconf 86' lang='lat' dir='ltr'>nostram</span> <span class='ocrx_word' id='word_1_5' title='bbox 602 2267 945 2339; x_wconf 83' lang='lat' dir='ltr'>commentationem</span> <span class='ocrx_word' id='word_1_6' title='bbox 972 2254 1172 2334; x_wconf 70' lang='lat' dir='ltr'>concludu-</span> 
     </span>
     <span class='ocr_line' id='line_1_3' title="bbox 169 2387 1176 2486; baseline -0.007 -21"><span class='ocrx_word' id='word_1_7' title='bbox 169 2417 264 2480; x_wconf 84' lang='lat' dir='ltr'>mus,</span> <span class='ocrx_word' id='word_1_8' title='bbox 280 2391 436 2465; x_wconf 82' lang='lat' dir='ltr'>brevitor</span> <span class='ocrx_word' id='word_1_9' title='bbox 455 2388 788 2486; x_wconf 82' lang='lat' dir='ltr'>recognoscendum</span> <span class='ocrx_word' id='word_1_10' title='bbox 808 2403 861 2461; x_wconf 89' lang='lat' dir='ltr'>est</span> <span class='ocrx_word' id='word_1_11' title='bbox 879 2387 969 2485; x_wconf 92' lang='lat' dir='ltr'>quid</span> <span class='ocrx_word' id='word_1_12' title='bbox 994 2388 1040 2461; x_wconf 84' lang='lat' dir='ltr'>de</span> <span class='ocrx_word' id='word_1_13' title='bbox 1065 2387 1176 2461; x_wconf 86' lang='lat' dir='ltr'>rebus</span> 
     </span>
     <span class='ocr_line' id='line_1_4' title="bbox 169 2510 1175 2611; baseline -0.004 -23"><span class='ocrx_word' id='word_1_14' title='bbox 169 2541 235 2588; x_wconf 83' lang='lat' dir='ltr'>sua</span> <span class='ocrx_word' id='word_1_15' title='bbox 262 2530 365 2587; x_wconf 80' lang='lat' dir='ltr'>aetate</span> <span class='ocrx_word' id='word_1_16' title='bbox 392 2519 499 2611; x_wconf 80' lang='lat' dir='ltr'>gestis</span> <span class='ocrx_word' id='word_1_17' title='bbox 526 2513 655 2587; x_wconf 80' lang='lat' dir='ltr'>dixerit</span> <span class='ocrx_word' id='word_1_18' title='bbox 683 2511 919 2599; x_wconf 79' lang='lat' dir='ltr'>Claudianus,</span> <span class='ocrx_word' id='word_1_19' title='bbox 938 2511 1028 2610; x_wconf 91' lang='lat' dir='ltr'>quid</span> <span class='ocrx_word' id='word_1_20' title='bbox 1051 2517 1088 2584; x_wconf 92' lang='lat' dir='ltr'>in</span> <span class='ocrx_word' id='word_1_21' title='bbox 1109 2510 1175 2584; x_wconf 84' lang='lat' dir='ltr'>illo</span> 
     </span>
     <span class='ocr_line' id='line_1_5' title="bbox 169 2636 1176 2737; baseline -0.005 -23"><span class='ocrx_word' id='word_1_22' title='bbox 169 2648 271 2729; x_wconf 83' lang='lat' dir='ltr'>corti,</span> <span class='ocrx_word' id='word_1_23' title='bbox 287 2640 377 2736; x_wconf 81' lang='lat' dir='ltr'>quid</span> <span class='ocrx_word' id='word_1_24' title='bbox 399 2645 485 2729; x_wconf 81' lang='lat' dir='ltr'>veri,</span> <span class='ocrx_word' id='word_1_25' title='bbox 500 2638 590 2737; x_wconf 88' lang='lat' dir='ltr'>quid</span> <span class='ocrx_word' id='word_1_26' title='bbox 607 2638 766 2735; x_wconf 76' lang='lat' dir='ltr'>denique</span> <span class='ocrx_word' id='word_1_27' title='bbox 787 2663 829 2711; x_wconf 82' lang='lat' dir='ltr'>ox</span> <span class='ocrx_word' id='word_1_28' title='bbox 848 2639 926 2735; x_wconf 83' lang='lat' dir='ltr'>ejus</span> <span class='ocrx_word' id='word_1_29' title='bbox 950 2636 1176 2710; x_wconf 80' lang='lat' dir='ltr'>carminibus</span> 
     </span>
     <span class='ocr_line' id='line_1_6' title="bbox 171 2762 1175 2848; baseline -0.004 -10"><span class='ocrx_word' id='word_1_30' title='bbox 171 2765 344 2840; x_wconf 81' lang='lat' dir='ltr'>historico</span> <span class='ocrx_word' id='word_1_31' title='bbox 360 2764 574 2841; x_wconf 84' lang='lat' dir='ltr'>servandum</span> <span class='ocrx_word' id='word_1_32' title='bbox 600 2769 654 2839; x_wconf 88' lang='lat' dir='ltr'>sit.</span> <span class='ocrx_word' id='word_1_33' title='bbox 675 2763 878 2839; x_wconf 81' lang='lat' dir='ltr'>Claudiano</span> <span class='ocrx_word' id='word_1_34' title='bbox 894 2763 1096 2848; x_wconf 83' lang='lat' dir='ltr'>deficiente,</span> <span class='ocrx_word' id='word_1_35' title='bbox 1116 2762 1175 2834; x_wconf 87' lang='lat' dir='ltr'>ud·</span> 
     </span>
     <span class='ocr_line' id='line_1_7' title="bbox 171 2889 1189 2990; baseline -0.007 -25"><span class='ocrx_word' id='word_1_36' title='bbox 171 2892 385 2990; x_wconf 81' lang='lat' dir='ltr'>juvantibus</span> <span class='ocrx_word' id='word_1_37' title='bbox 400 2890 654 2966; x_wconf 85' lang='lat' dir='ltr'>tantummodo</span> <span class='ocrx_word' id='word_1_38' title='bbox 669 2897 734 2986; x_wconf 87' lang='lat' dir='ltr'>qni</span> <span class='ocrx_word' id='word_1_39' title='bbox 748 2891 794 2963; x_wconf 84' lang='lat' dir='ltr'>de</span> <span class='ocrx_word' id='word_1_40' title='bbox 817 2897 982 2965; x_wconf 78' lang='lat' dir='ltr'>Honorio</span> <span class='ocrx_word' id='word_1_41' title='bbox 1005 2889 1175 2962; x_wconf 82' lang='lat' dir='ltr'>dixerunt</span> <span class='ocrx_word' id='word_1_42' title='bbox 1188 2946 1189 2949; x_wconf 15' lang='grc' dir='ltr'>η</span> 
     </span>
     <span class='ocr_line' id='line_1_8' title="bbox 173 3014 1171 3117; baseline -0.003 -29"><span class='ocrx_word' id='word_1_43' title='bbox 173 3016 433 3117; x_wconf 81' lang='lat' dir='ltr'>scriptoribus,</span> <span class='ocrx_word' id='word_1_44' title='bbox 458 3014 550 3087; x_wconf 90' lang='lat' dir='ltr'>nihil</span> <span class='ocrx_word' id='word_1_45' title='bbox 575 3014 675 3085; x_wconf 87' lang='lat' dir='ltr'>aliud</span> <span class='ocrx_word' id='word_1_46' title='bbox 698 3014 870 3111; x_wconf 87' lang='lat' dir='ltr'>objicitur</span> <span class='ocrx_word' id='word_1_47' title='bbox 889 3021 1021 3087; x_wconf 86' lang='lat' dir='ltr'>nostris</span> <span class='ocrx_word' id='word_1_48' title='bbox 1042 3014 1171 3100; x_wconf 83' lang='lat' dir='ltr'>oculis,</span> 
     </span>
     <span class='ocr_line' id='line_1_9' title="bbox 172 3138 1174 3247; baseline -0.011 -27"><span class='ocrx_word' id='word_1_49' title='bbox 172 3147 240 3220; x_wconf 84' lang='lat' dir='ltr'>uisi</span> <span class='ocrx_word' id='word_1_50' title='bbox 269 3144 411 3238; x_wconf 82' lang='lat' dir='ltr'>imperii</span> <span class='ocrx_word' id='word_1_51' title='bbox 443 3138 651 3228; x_wconf 79' lang='lat' dir='ltr'>infirmitas3</span> <span class='ocrx_word' id='word_1_52' title='bbox 687 3138 780 3212; x_wconf 86' lang='lat' dir='ltr'>lecto</span> <span class='ocrx_word' id='word_1_53' title='bbox 804 3154 923 3215; x_wconf 84' lang='lat' dir='ltr'>autem</span> <span class='ocrx_word' id='word_1_54' title='bbox 956 3138 1174 3247; x_wconf 78' lang='lat' dir='ltr'>Claudiano,</span> 
     </span>
     <span class='ocr_line' id='line_1_10' title="bbox 171 3265 1178 3367; baseline -0.006 -26"><span class='ocrx_word' id='word_1_55' title='bbox 171 3276 236 3367; x_wconf 85' lang='lat' dir='ltr'>qui</span> <span class='ocrx_word' id='word_1_56' title='bbox 263 3270 357 3345; x_wconf 83' lang='lat' dir='ltr'>hanc</span> <span class='ocrx_word' id='word_1_57' title='bbox 381 3293 456 3340; x_wconf 90' lang='lat' dir='ltr'>non</span> <span class='ocrx_word' id='word_1_58' title='bbox 479 3282 594 3364; x_wconf 79' lang='lat' dir='ltr'>negat,</span> <span class='ocrx_word' id='word_1_59' title='bbox 616 3266 850 3364; x_wconf 76' lang='lat' dir='ltr'>intelligimus</span> <span class='ocrx_word' id='word_1_60' title='bbox 872 3266 961 3365; x_wconf 89' lang='lat' dir='ltr'>quid</span> <span class='ocrx_word' id='word_1_61' title='bbox 979 3265 1118 3337; x_wconf 81' lang='lat' dir='ltr'>robusti</span> <span class='ocrx_word' id='word_1_62' title='bbox 1141 3270 1178 3341; x_wconf 92' lang='lat' dir='ltr'>in</span> 
     </span>
     <span class='ocr_line' id='line_1_11' title="bbox 173 3378 1174 3495; baseline -0.005 -29"><span class='ocrx_word' id='word_1_63' title='bbox 173 3401 327 3495; x_wconf 87' lang='lat' dir='ltr'>imperio</span> <span class='ocrx_word' id='word_1_64' title='bbox 346 3401 452 3467; x_wconf 83' lang='lat' dir='ltr'>etiam</span> <span class='ocrx_word' id='word_1_65' title='bbox 473 3409 559 3465; x_wconf 90' lang='lat' dir='ltr'>tunc</span> <span class='ocrx_word' id='word_1_66' title='bbox 580 3378 705 3481; x_wconf 64' lang='lat' dir='ltr'>ronst,</span> <span class='ocrx_word' id='word_1_67' title='bbox 719 3409 754 3465; x_wconf 85' lang='lat' dir='ltr'>et</span> <span class='ocrx_word' id='word_1_68' title='bbox 768 3399 872 3490; x_wconf 86' lang='lat' dir='ltr'>quasi</span> <span class='ocrx_word' id='word_1_69' title='bbox 895 3391 1174 3491; x_wconf 80' lang='lat' dir='ltr'>perpendimus:</span> 
     </span>
    </p>

    <p class='ocr_par' dir='ltr' id='par_1_3' title="bbox 174 3517 1180 3991">
     <span class='ocr_line' id='line_1_12' title="bbox 228 3517 1175 3600; baseline -0.005 -7"><span class='ocrx_word' id='word_1_70' title='bbox 228 3530 258 3593; x_wconf 82' lang='lat'>1⁰</span> <span class='ocrx_word' id='word_1_71' title='bbox 289 3525 369 3595; x_wconf 86' lang='lat' dir='ltr'>Non</span> <span class='ocrx_word' id='word_1_72' title='bbox 414 3517 652 3595; x_wconf 81' lang='lat' dir='ltr'>abnuendum</span> <span class='ocrx_word' id='word_1_73' title='bbox 681 3518 872 3591; x_wconf 77' lang='lat' dir='ltr'>Claudiani</span> <span class='ocrx_word' id='word_1_74' title='bbox 909 3523 1175 3600; x_wconf 81' lang='lat' dir='ltr'>testimonium,</span> 
     </span>
     <span class='ocr_line' id='line_1_13' title="bbox 174 3640 1179 3740; baseline -0.002 -25"><span class='ocrx_word' id='word_1_75' title='bbox 174 3669 290 3740; x_wconf 85' lang='lat' dir='ltr'>quum</span> <span class='ocrx_word' id='word_1_76' title='bbox 317 3642 417 3717; x_wconf 86' lang='lat' dir='ltr'>urbis</span> <span class='ocrx_word' id='word_1_77' title='bbox 441 3647 565 3719; x_wconf 82' lang='lat' dir='ltr'>Romae</span> <span class='ocrx_word' id='word_1_78' title='bbox 596 3641 880 3739; x_wconf 81' lang='lat' dir='ltr'>magnitudinem</span> <span class='ocrx_word' id='word_1_79' title='bbox 908 3640 1099 3740; x_wconf 81' lang='lat' dir='ltr'>praedicut3</span> <span class='ocrx_word' id='word_1_80' title='bbox 1126 3641 1179 3713; x_wconf 78' lang='lat' dir='ltr'>itti</span> 
     </span>
     <span class='ocr_line' id='line_1_14' title="bbox 174 3766 1179 3865; baseline -0.005 -20"><span class='ocrx_word' id='word_1_81' title='bbox 174 3767 257 3851; x_wconf 82' lang='lat' dir='ltr'>urbi</span> <span class='ocrx_word' id='word_1_82' title='bbox 275 3793 341 3841; x_wconf 84' lang='lat' dir='ltr'>neo</span> <span class='ocrx_word' id='word_1_83' title='bbox 356 3781 606 3858; x_wconf 81' lang='lat' dir='ltr'>monumenta,</span> <span class='ocrx_word' id='word_1_84' title='bbox 624 3793 689 3842; x_wconf 89' lang='lat' dir='ltr'>nec</span> <span class='ocrx_word' id='word_1_85' title='bbox 704 3774 818 3865; x_wconf 80' lang='lat' dir='ltr'>signa,</span> <span class='ocrx_word' id='word_1_86' title='bbox 837 3792 902 3840; x_wconf 86' lang='lat' dir='ltr'>nec</span> <span class='ocrx_word' id='word_1_87' title='bbox 917 3767 1023 3859; x_wconf 75' lang='lat' dir='ltr'>mdes,</span> <span class='ocrx_word' id='word_1_88' title='bbox 1042 3793 1108 3840; x_wconf 87' lang='lat' dir='ltr'>nec</span> <span class='ocrx_word' id='word_1_89' title='bbox 1123 3766 1179 3840; x_wconf 86' lang='lat' dir='ltr'>di·</span> 
     </span>
     <span class='ocr_line' id='line_1_15' title="bbox 176 3891 1180 3991; baseline 0 -28"><span class='ocrx_word' id='word_1_90' title='bbox 176 3897 320 3965; x_wconf 76' lang='lat' dir='ltr'>tissimm</span> <span class='ocrx_word' id='word_1_91' title='bbox 339 3908 468 3991; x_wconf 78' lang='lat' dir='ltr'>ereptus</span> <span class='ocrx_word' id='word_1_92' title='bbox 486 3891 634 3965; x_wconf 80' lang='lat' dir='ltr'>suerunt</span> <span class='ocrx_word' id='word_1_93' title='bbox 653 3893 796 3984; x_wconf 77' lang='lat' dir='ltr'>domm,</span> <span class='ocrx_word' id='word_1_94' title='bbox 822 3918 888 3966; x_wconf 80' lang='lat' dir='ltr'>nro</span> <span class='ocrx_word' id='word_1_95' title='bbox 907 3898 1028 3964; x_wconf 86' lang='lat' dir='ltr'>omniu</span> <span class='ocrx_word' id='word_1_96' title='bbox 1046 3892 1180 3990; x_wconf 87' lang='lat' dir='ltr'>quibus</span> 
     </span>
    </p>

    <p class='ocr_par' dir='ltr' id='par_1_4' title="bbox 178 4017 1061 4114">
     <span class='ocr_line' id='line_1_16' title="bbox 178 4017 1061 4114; baseline 0 -28"><span class='ocrx_word' id='word_1_97' title='bbox 178 4020 310 4090; x_wconf 88' lang='lat' dir='ltr'>civium</span> <span class='ocrx_word' id='word_1_98' title='bbox 325 4021 396 4089; x_wconf 86' lang='lat' dir='ltr'>vitu</span> <span class='ocrx_word' id='word_1_99' title='bbox 412 4032 487 4089; x_wconf 83' lang='lat' dir='ltr'>erat</span> <span class='ocrx_word' id='word_1_100' title='bbox 508 4017 772 4114; x_wconf 87' lang='lat' dir='ltr'>jucundissima</span> <span class='ocrx_word' id='word_1_101' title='bbox 791 4031 826 4089; x_wconf 87' lang='lat' dir='ltr'>et</span> <span class='ocrx_word' id='word_1_102' title='bbox 845 4017 1061 4090; x_wconf 78' lang='lat' dir='ltr'>beatissima.</span> 
     </span>
    </p>
   </div>
   <div class='ocr_carea' id='block_1_3' title="bbox 0 0 1393 4776">
    <p class='ocr_par' dir='ltr' id='par_1_5' title="bbox 0 0 1393 4776">
     <span class='ocr_line' id='line_1_17' title="bbox 0 0 1393 4776; baseline 0 0"><span class='ocrx_word' id='word_1_103' title='bbox 0 0 1393 4776; x_wconf 95' lang='lat' dir='ltr'> </span> 
     </span>
    </p>
   </div>
  </div>
 </body>
</html>
