2744 4776
596 317 754 375 ..72-

227 479 330 545 Hunc
349 472 545 545 barbarum
561 477 704 547 miserat
716 473 1077 572 Constantinopolis:
1097 499 1191 572 ergo

178 622 288 694 quam
302 597 564 669 contumeliose
579 623 598 669 a
614 614 720 698 poeta
729 598 905 671 Arcadius
921 596 1129 671 incusatur!
1146 605 1193 671 Et

178 729 359 794 accusatio
381 727 491 821 ipsius
517 729 552 794 iu
578 749 641 795 ore
667 725 795 796 Alarici
822 740 886 811 est,
915 750 1023 823 quem
1049 724 1192 798 ducem

178 847 352 920 Arcadius
377 862 567 936 creaverat,
590 855 649 921 cui
671 848 832 948 Illyriaur
851 851 1057 950 Illyriosque
1076 851 1194 924 urbes

179 969 327 1043 dederat
343 999 352 1042 ε

321 1205 334 1250 ’.’
371 1230 663 1249 .......
684 1192 757 1248 Gens
769 1191 864 1249 robore
879 1197 968 1248 nostra

324 1292 400 1346 Tunc
412 1307 518 1363 quoque
532 1289 658 1363 pollebat,
672 1289 751 1345 nullis
764 1306 846 1362 quum
860 1289 952 1346 fideret
966 1287 1057 1346 armis.

324 1389 358 1445 At
370 1406 441 1445 nuuc
455 1389 550 1462 lllyrici
564 1394 705 1460 postquam
722 1387 788 1443 mihi
803 1389 900 1444 tradita
910 1388 986 1460 jura,

324 1490 421 1562 Meque
433 1505 512 1546 suurn
525 1491 614 1545 fecere
627 1489 737 1556 ducem,
749 1493 789 1545 tot
798 1487 860 1557 tela,
869 1494 908 1545 tot
921 1503 1009 1557 enses,

323 1587 373 1644 Tot
385 1587 475 1659 galeas
488 1586 571 1643 multo
583 1585 715 1641 Thracum
729 1585 826 1641 sudore
839 1585 945 1659 parari,

326 1684 409 1756 Inque
424 1699 499 1739 meos
510 1698 576 1738 usus
588 1681 699 1753 vertigal
711 1687 817 1738 vertere
832 1681 895 1736 lerri

327 1781 433 1854 Oppida
445 1781 562 1852 legitimo
571 1780 649 1852 jussu
664 1780 781 1834 Romane
795 1779 869 1850 coegi
888 1778 935 1849 (l).

234 1984 324 2073 Quis
342 1996 461 2054 autern
482 1979 665 2051 Alaricum
684 1979 823 2052 arceat?
840 1977 1018 2052 Barbarus
1039 1977 1105 2052 ille
1127 1965 1199 2053 vo-

186 2090 269 2179 cem*
287 2105 439 2178 deorum
456 2110 493 2177 in
509 2109 600 2177 sacri
618 2108 776 2176 nemoris
793 2128 934 2176 secessu
950 2101 1087 2174 audivit
1108 2132 1116 2177 :

329 2325 433 2399 Rumpe
446 2341 548 2394 ornnes,
562 2326 678 2396 Alerice,
692 2339 797 2393 moras;
813 2324 863 2380 hoc
875 2322 989 2397 impiger
1005 2338 1076 2382 anno

330 2425 442 2498 Alpibus
453 2423 536 2480 ltaliae
548 2423 634 2496 ruptis
650 2421 804 2496 penetrabis
816 2422 850 2477 ad
862 2420 967 2479 urbem.

330 2526 389 2580 Huc
402 2524 452 2579 iter
466 2537 552 2594 usque
565 2521 644 2577 datur
656 2523 702 2589 (Ξ).

238 2727 328 2816 Quis
353 2747 428 2793 uou
459 2721 581 2794 credat
606 2744 643 2790 se
662 2719 834 2789 vaticiuas
858 2715 1023 2789 Ecclesiae
1048 2721 1200 2789 Petrum

190 2872 297 2920 voces
319 2844 470 2918 audire?

241 2969 498 3043 Iucedeutibus
520 2968 684 3041 barbaris
703 2981 834 3039 cuncta
852 2978 977 3054 ruunt,
999 2979 1034 3036 et
1053 2963 1198 3036 Medio·

193 3098 277 3169 lano
294 3094 430 3181 relicto,
451 3097 570 3165 Astaur
585 3097 769 3194 Honorius
787 3089 946 3188 aufugit3
963 3090 1062 3161 hunc
1078 3093 1203 3184 sequi.

193 3240 253 3298 tur
267 3224 443 3313 Alaricus,
463 3238 498 3294 et
515 3223 641 3294 urbem
655 3221 807 3293 obsidet.
823 3225 876 3292 De
886 3224 1109 3318 imperatoris
1126 3233 1199 3290 ter·

193 3373 275 3420 rore
300 3373 373 3419 uou
401 3360 491 3418 tacet
511 3359 629 3443 poeta.
654 3343 807 3415 Advenit
821 3342 962 3429 Stilico;
990 3339 1051 3414 sed
1067 3340 1201 3416 Addua

193 3499 276 3545 eum
302 3473 348 3544 alr
377 3471 467 3542 urbe
496 3470 643 3559 dividit;
672 3471 820 3564 trajecto
845 3466 1014 3558 flumine,
1041 3467 1199 3562 trajectis

193 3598 436 3672 barbarorum
453 3603 590 3685 castris,
607 3619 780 3694 geneuun
799 3618 906 3665 suurn
927 3607 1042 3664 servat
1055 3589 1194 3664 Stilico.

228 3910 265 3974 (l)
287 3906 322 3960 lle
336 3847 410 3960 Aello
428 3904 530 3970 Getico,
541 3919 569 3959 v.
584 3906 646 3959 533.

229 4003 266 4068 (2)
286 3998 323 4054 De
334 3995 408 4054 Bello
426 3994 527 4063 Getico,
541 4010 567 4051 v.
583 3981 648 4100 llss'

589 4080 661 4194 ill
