2744 4776
598 299 756 361 -7r,-

182 455 318 533 Ultima
337 460 444 531 etiaur
466 456 539 529 lieec
570 471 666 554 gesta
694 455 792 528 solus
819 457 925 531 tradit
946 457 1190 533 Claudianus.

181 580 316 654 Paulus
334 586 485 654 Orosius
504 580 661 654 alfrrrnat
679 580 856 655 barbaros
875 589 968 657 inter
986 609 1024 656 se
1044 611 1191 684 pugna·

120 802 124 811 Ι
180 713 271 781 visse
285 723 319 781 et
334 715 470 809 seipsos
488 708 741 809 profligavisse.

231 832 362 907 Relatae
374 840 519 933 igitura
538 850 643 937 poeta
656 834 702 909 ad
723 833 935 907 Pollentiam
952 851 986 908 et
1004 839 1193 911 Veronam

181 967 337 1037 victoriae
353 987 427 1039 non
443 967 481 1037 in
500 960 655 1035 dubium
677 953 886 1039 revocandae
904 977 1003 1053 sunt,
1025 988 1094 1036 nec
1118 969 1195 1037 vic·

181 1086 254 1157 tori
269 1083 359 1159 datae
376 1084 502 1160 laudes
518 1115 525 1160 :

327 1271 434 1346 Aspice,
445 1273 539 1345 Roma,
553 1279 639 1344 tunm,
652 1277 708 1348 jam
723 1275 821 1332 vertice
835 1274 939 1345 celsior,
954 1273 1078 1330 hostem:

325 1371 433 1444 Aspice,
449 1387 531 1445 quam
546 1389 637 1432 rarum
649 1374 770 1432 reterens
788 1373 916 1446 inglorius
931 1387 1027 1446 agmen

327 1471 403 1528 ltalia
415 1471 540 1530 detrusus
553 1480 611 1544 eat,
625 1479 809 1547 quantunque
821 1472 902 1547 priori

328 1568 477 1627 Dissimilis.
500 1610 507 1625 .
529 1614 535 1625 .
559 1614 565 1626 .
587 1571 631 1644 ll).

233 1729 437 1827 Siquando
460 1731 497 1804 id
517 1732 681 1806 Stiliconi
705 1733 961 1832 exprobratum
987 1731 1069 1823 fuir,
1088 1730 1194 1830 quod

185 1872 351 1954 apertum
370 1858 416 1933 ad
436 1859 545 1958 Alpes
559 1866 639 1948 iter,
657 1860 822 1958 fugaeque
843 1866 936 1932 viam
951 1858 1094 1931 facilem
1110 1859 1196 1930 ata-

186 1985 262 2053 rico
272 1981 480 2073 dederit,ab
493 1984 554 2059 illa
564 1984 843 2084 exprobratione
851 1983 1061 2058 stiliconem
1070 1997 1197 2054 tuetur

187 2107 425 2183 Claudianus:

331 2335 337 2350 .
379 2336 384 2348 .
427 2338 432 2349 .
473 2337 480 2352 .
522 2339 528 2352 .
567 2340 574 2353 .
617 2341 623 2354 .
664 2314 671 2353 ;
710 2299 1047 2373 Ignoscerepulchrum....

314 2444 317 2449 ,
329 2394 382 2451 Sed
396 2395 483 2468 magis
496 2412 529 2453 ex
542 2395 602 2453 aliis
613 2396 689 2452 fluxit
701 2396 959 2466 clementianus,

330 2492 481 2553 Consulitur
494 2494 569 2566 dum,
583 2496 684 2563 Roma,
698 2495 745 2552 tibi
758 2513 764 2550 ε
779 2502 826 2553 tua
839 2511 905 2553 cura
918 2495 1005 2567 coegit

329 2596 442 2655 lnclusis
454 2597 559 2672 aperire
574 2596 673 2669 lugam,
690 2613 724 2652 ne
739 2597 812 2670 pejor
825 2597 852 2657 iu
864 2601 938 2654 arcto

329 2692 442 2750 Saeviret
454 2693 544 2751 rabies
553 2701 673 2751 venturae
687 2694 792 2751 conscia
808 2695 911 2751 mortis.

332 2794 387 2849 Nec
400 2793 468 2848 tanti
478 2809 576 2849 nomen
588 2793 752 2864 stirpemque
765 2791 872 2848 abolere
884 2792 1030 2862 Getarum,

331 2890 366 2946 Ut
378 2890 489 2963 propius
503 2895 635 2963 peterere,
647 2889 708 2945 luit.
730 2932 736 2943 .
759 2931 765 2944 .
789 2932 796 2945 .

252 3069 333 3137 Non
377 3066 633 3138 tantummodo
669 3066 878 3140 Stiliconem
920 3067 1029 3167 culpa
1066 3065 1198 3139 liberat

192 3205 314 3293 poeta,
330 3189 389 3260 sed
405 3196 511 3265 etiarn
533 3216 643 3288 quam
666 3197 711 3262 sit
729 3216 857 3288 magna
872 3191 981 3265 simul
995 3207 1030 3264 et
1048 3190 1196 3267 infirma

193 3321 305 3387 Roma
317 3313 460 3388 fatetur.
474 3316 697 3393 Claudianus
711 3331 808 3389 totus
822 3318 881 3389 hic
896 3333 959 3389 est.
974 3323 1099 3400 Victor
1115 3334 1199 3423 post

193 3446 379 3517 victoriani
397 3438 530 3535 tremit,
544 3447 730 3545 victosque
744 3449 850 3524 etiarn
866 3458 953 3515 tunc
974 3442 1195 3521 resorrnlrlat.

229 3663 265 3735 (t)
285 3664 322 3718 De
335 3663 409 3720 Bello
424 3666 525 3733 Getico,
536 3682 563 3721 v.
577 3666 622 3720 77.

615 3873 779 3909 -000-
