2744 4776
565 390 720 446 ..69,.

149 572 245 618 marc
269 547 570 618 Mediterraneum
605 547 773 636 tenebat3
809 544 907 642 quod
938 544 1152 642 probaverat

148 670 341 767 Carthag0,
377 686 409 739 et
441 695 525 741 mox
558 671 779 768 probaturus
815 684 889 740 erat
921 673 1149 740 Gensericus.

109 890 120 912 ο
148 794 274 866 Africa
290 811 409 866 autem
423 793 607 866 fruniento
626 795 809 881 destituta,
835 808 870 864 et
888 818 952 891 per
969 791 1153 863 Africanas

148 946 256 992 naves
269 947 294 992 a
313 926 426 1010 terris,
443 947 523 1017 qnae
547 947 624 991 eam
643 920 800 1004 alebant,
830 921 1013 1016 sejuncta,
1038 921 1153 988 Roma

148 1043 242 1116 same
264 1045 416 1144 peribat.
435 1049 675 1145 Quapropter,
691 1072 807 1143 quum
820 1043 1044 1116 Claudianus
1059 1043 1153 1115 Stili-

149 1194 276 1240 conem
296 1176 463 1242 Maurisei
486 1177 653 1242 rictorem
676 1175 822 1254 cecinit,
846 1176 923 1240 sine
943 1168 1059 1241 dubio
1081 1176 1152 1241 Ro·

150 1319 341 1366 rnanorum
364 1295 552 1394 plausibus
572 1310 741 1392 exceptus
761 1293 841 1365 fuit.

196 1424 373 1490 Memorat
384 1436 490 1517 poeta
501 1419 667 1490 Gildonis
683 1420 862 1491 luxuriam
878 1434 913 1491 et
927 1419 1152 1508 libidines,et
1186 1503 1188 1509 Ι

148 1567 264 1614 avero
274 1560 367 1615 certe
382 1569 455 1614 non
474 1544 588 1629 abest;
607 1543 666 1614 sed
685 1543 851 1614 ideonon
867 1550 988 1614 minus
1001 1559 1072 1614 erat
1084 1543 1155 1614 lor·

150 1667 342 1738 midandns
364 1668 483 1739 Gildo.
503 1672 626 1758 Quum
644 1673 739 1737 enim
762 1667 938 1764 Jugurtlra
959 1673 1151 1765 imperium

148 1797 353 1862 Romanum
382 1807 468 1862 tunc
497 1796 786 1888 potentissimum
815 1797 995 1875 terruerit,
1026 1791 1153 1886 illique

149 1915 326 1986 sexdecim
343 1941 460 1987 annos
490 1920 684 1984 maximum
714 1913 800 1983 inde
822 1914 1038 2011 impenderit.
1059 1920 1152 2010 peri·

149 2040 289 2129 culum,
310 2066 331 2112 a
354 2039 524 2127 Gildone,
549 2045 612 2136 qui
633 2038 763 2109 fessum
784 2040 856 2135 jam
878 2055 912 2108 et
939 2040 1153 2109 inclinatum

149 2173 341 2266 imperium
376 2169 582 2255 lacessebat,
611 2167 726 2238 multa
752 2181 787 2237 et
815 2173 1019 2262 gravissima
1050 2183 1154 2238 erant

148 2293 398 2392 exspectanda.
415 2299 496 2366 Non
512 2295 586 2364 haee
609 2291 840 2388 intelligenda
858 2308 910 2362 est
929 2290 1032 2363 ducis
1048 2290 1154 2361 inlidi
1248 2305 1249 2309 ’

149 2420 314 2508 rebelli0,
341 2418 401 2490 sed
427 2423 542 2516 gentis
569 2420 681 2487 totius
701 2421 737 2504 in
761 2440 860 2488 arma
887 2442 953 2514 pro
986 2417 1153 2488 libertate

149 2550 300 2615 ruentis.

196 2675 380 2757 Mamisci,
401 2684 439 2738 ut
462 2667 608 2738 illorum
628 2667 716 2756 dur,
734 2675 872 2761 optime
892 2666 999 2738 nobis
1026 2691 1154 2766 reprae-

149 2809 337 2867 sentantur
352 2795 420 2865 hac
437 2798 615 2882 oratione,
626 2817 736 2889 quam
755 2790 799 2862 ad
815 2790 945 2862 milites
961 2791 1069 2863 habet
1090 2799 1154 2863 im-

149 2938 294 3020 peralOl'
312 2949 319 2991 :

291 3141 350 3194 Non
364 3142 456 3193 contra
468 3135 570 3208 clypeis
584 3139 678 3203 tectos,
693 3131 840 3204 gladiisque
852 3132 984 3189 micantes

292 3236 366 3292 ibitis
381 3235 427 3289 :in
442 3234 505 3290 solis
515 3233 591 3304 longe
604 3231 701 3286 fiducia
711 3229 785 3299 telis,

292 3333 451 3386 Exarmatus
465 3329 525 3397 crit,
538 3344 623 3400 quum
637 3326 737 3382 missile
750 3326 865 3395 torserit,
883 3327 975 3383 bostis.

293 3430 391 3484 Dextra
405 3434 495 3483 movet
503 3427 631 3498 jaculum,
645 3430 787 3498 praetentat
799 3424 879 3497 pallia
892 3426 975 3494 laeva,

294 3526 395 3581 Caetera
405 3526 493 3581 nudus
505 3541 587 3596 eques
598 3543 603 3593 ;
620 3525 728 3597 sonipes
740 3524 850 3595 ignarus
864 3523 991 3593 habenam

295 3627 378 3698 Virga
391 3626 477 3696 regit:
493 3625 611 3681 nonulla
625 3625 699 3693 fides,
716 3641 768 3679 non
781 3625 896 3694 agminis
907 3624 990 3680 ordo:

296 3726 379 3781 Arma
392 3724 477 3795 oncri,
492 3723 554 3796 suga
566 3723 701 3796 praesidia.
724 3764 730 3778 .
753 3764 760 3781 .
781 3763 788 3778 .
805 3723 850 3794 (t).

188 4061 226 4132 (l)
246 4061 283 4115 Dc
296 4060 437 4117 Gildouico
455 4059 539 4127 Bello,
555 4075 585 4116 r..
600 4060 649 4114 430
661 4062 688 4113 et
700 4073 760 4128 sqq.
