2744 4776
600 309 756 370 ...ng-

181 463 249 532 nisi
278 458 341 532 ubi
377 458 513 558 aliquid
549 467 624 534 veri
660 460 834 536 laudibus
865 466 1186 538 intermisceretur.

180 583 403 658 Claudianus
418 590 541 683 igitur,
551 586 606 660 vel
621 587 789 676 tacendo,
806 613 923 684 quum
937 587 1077 686 aliquid
1092 594 1189 662 vitu-

180 710 385 810 perandum
400 725 466 801 est,
481 718 669 810 praeconiis
683 717 757 786 suis
770 710 878 785 fidem
893 711 990 786 facit.
1005 717 1189 814 Imprimis

181 835 389 909 stiliconem
404 835 453 909 ob
467 836 596 910 Alarici
609 837 744 926 clades,
764 836 814 910 ob
831 837 1016 910 liberatam
1031 844 1187 912 Romam

182 975 218 1032 et
240 965 447 1033 Honorium
472 961 655 1060 praedicat.
686 967 721 1035 Si
749 967 912 1034 Zosimus
934 961 1117 1037 Alaricum
1150 969 1186 1035 iu

181 1084 324 1158 Italiam
355 1090 553 1158 irruentem
577 1086 745 1174 dixisset,
768 1102 805 1159 et
834 1092 1039 1158 Honorium
1066 1091 1186 1161 Astam

183 1207 400 1307 fugientem
428 1216 456 1280 si
476 1210 606 1283 relatas
625 1210 669 1284 ad
691 1211 906 1284 Pollentiam
927 1216 1189 1308 Veronamque

182 1339 397 1410 narravisset
407 1339 595 1424 victorias,
608 1360 690 1433 quae
704 1360 747 1408 eo
759 1337 896 1432 majore
909 1334 1029 1408 laetitia
1043 1337 1186 1408 Italiam

103 1474 106 1478 ’
184 1456 446 1559 perfuderunt,
469 1484 545 1557 quo
565 1465 728 1532 tetriores
752 1460 971 1533 calamitates
995 1465 1185 1550 timuerat3

183 1582 275 1655 nihil
291 1607 377 1656 sane
389 1582 487 1657 aliud
503 1588 539 1655 in
551 1586 629 1683 ejus
643 1584 739 1657 libro
752 1586 940 1684 legeretur,
955 1609 1063 1684 quam
1083 1585 1186 1683 quod

85 1732 90 1740 ’
183 1707 277 1780 dere
291 1707 336 1780 ad
350 1710 497 1782 Fesulas
509 1734 680 1810 prospere
688 1725 785 1808 gesta
800 1716 959 1809 scripsit:
978 1709 1100 1782 Stilico
1111 1714 1186 1784 Ita·
1228 1765 1230 1771 ·

183 1832 268 1906 liam
286 1839 449 1907 servavit.

231 1961 416 2050 Quoniam
426 1964 536 2058 igitur
545 1983 672 2032 omnes
681 1957 727 2030 de
736 1956 800 2031 illo
813 1959 911 2033 bello
921 1959 1041 2050 silent,
1055 1973 1185 2031 eventu

185 2083 262 2180 ejus
287 2083 480 2181 diligenter
499 2088 683 2183 inspecto,
704 2084 938 2180 quaerendum
959 2101 1012 2156 est
1027 2109 1115 2155 num
1130 2089 1189 2154 ni-

184 2213 265 2278 niiis
287 2206 459 2280 laudibus
478 2212 649 2280 victorem
675 2222 780 2307 poeta
803 2224 1015 2308 prosecutus
1036 2216 1093 2280 sit.
1118 2207 1188 2281 Sed

184 2336 355 2404 victorem
373 2335 551 2431 Scipioni,
571 2330 712 2430 Regulo
731 2346 765 2403 et
783 2333 945 2404 oarnitto
967 2345 1152 2431 comparat
1179 2360 1213 2404 :s

184 2480 265 2554 quae
289 2455 439 2553 quidem
451 2462 675 2557 comparatio
689 2482 764 2528 non
778 2462 931 2529 omnino
943 2455 1028 2530 salsa
1048 2473 1084 2529 et
1103 2459 1189 2554 reji-

183 2581 312 2655 cienda
342 2597 415 2673 cst,
446 2587 577 2656 etenim
599 2588 693 2655 inter
723 2582 906 2656 Alaricum
933 2589 1192 2681 Brennumque

185 2705 332 2779 Gallum
355 2732 430 2779 non
449 2722 581 2782 cuncta
600 2723 685 2780 sunt
706 2707 913 2792 dissimilia,
938 2709 993 2782 vel
1015 2723 1097 2807 post
1125 2734 1189 2780 oc·

132 2894 136 2903 .
186 2836 368 2929 tingentos
390 2856 507 2905 annos
525 2833 599 2906 haec
617 2833 736 2906 dicere
757 2831 915 2905 licebat:

328 3043 363 3098 At
373 3049 437 3099 tuus
451 3043 585 3101 adventus
594 3058 647 3100 non
660 3058 743 3099 unum
755 3057 853 3116 corpus
862 3042 896 3099 ab
906 3042 1019 3114 umbris,

328 3140 383 3198 Sed
395 3147 435 3198 tot
446 3143 581 3198 communi
597 3140 709 3215 populos
719 3142 770 3198 sub
785 3149 869 3197 morte
881 3142 1012 3214 jacentes,

328 3239 449 3312 Totaque
458 3240 587 3297 Tartariis
599 3257 615 3297 a
629 3239 751 3297 faucibus
761 3238 859 3312 oppida
869 3239 950 3296 traxit
961 3240 1006 3311 (i).

233 3450 318 3540 Quo
336 3445 471 3544 gaudio
490 3445 679 3518 exsultavit
698 3450 814 3518 Roma
837 3471 954 3543 quum
980 3451 1191 3518 nuntiatum

183 3586 236 3643 est
251 3570 374 3644 fusum
391 3569 632 3668 fugatumque
656 3568 841 3642 recessisse
855 3566 1058 3642 Alaricum!
1075 3569 1190 3642 Facil-

220 3882 256 3958 (i)
276 3881 314 3936 De
327 3878 403 3938 Bello
420 3878 523 3952 Getico,
542 3893 571 3935 v.
593 3880 657 3936 iit.
669 3875 754 3933 -Da
774 3875 913 3935 Laudibus
924 3875 1082 3950 stiliconis,
1106 3876 1153 3935 lib.
1168 3877 1191 3948 l,

177 3997 212 4040 a.
229 3983 290 4037 368.
304 4011 336 4020 -
349 3978 386 4034 De
400 3976 474 4034 Bello
489 3975 591 4046 Getico,
607 3993 633 4033 v.
650 3976 712 4046 tit,
728 3976 789 4033 lli.
