2744 4776
619 280 775 340 ,Μ-

197 438 426 526 Quumeniru
439 435 703 509 robustasimul
714 452 749 509 et
759 435 1202 530 imbecilla-summano

198 561 287 632 bore
299 576 415 633 tamen
428 586 496 632 nos
508 576 625 634 movet
637 567 756 660 potius
769 586 879 659 quam
890 561 1156 653 imbecillitate;
1170 570 1200 636 si

198 685 589 785 quidem,·quanquam
603 686 748 759 Barbari
760 693 796 759 in
813 692 997 763 Orientem
1011 693 1199 781 irruerint,

197 810 479 910 Occidentisque
489 812 533 884 ad
550 810 642 883 fines
656 812 810 901 adstent,
823 827 857 884 et
875 818 1002 910 saepius
1011 819 1201 889 Romanos

195 943 373 1009 exercitus
396 935 605 1025 devicerint,
624 936 856 1010 Occidentale
883 952 978 1010 certe
1002 941 1199 1036 imperium

195 1057 361 1131 nondum
377 1061 509 1132 ictibus
524 1067 659 1160 patuit3
675 1086 720 1133 ne
740 1087 836 1132 unus
855 1062 1004 1160 quidem
1018 1062 1199 1156 barbarus

192 1184 304 1256 Italiae
322 1186 438 1256 solum
466 1191 581 1283 attigit
598 1213 608 1276 ;
634 1191 760 1258 Franci
779 1193 885 1258 etiam
904 1193 942 1256 in
963 1187 1093 1286 Gallia,
1118 1215 1194 1259 non

193 1309 296 1383 aliter
322 1334 432 1409 quam
462 1326 646 1385 annuente
671 1317 902 1412 imperatore,
923 1312 1193 1406 consederunt3

191 1433 414 1534 illorumque
427 1441 548 1508 virtuti
566 1432 696 1508 finium
721 1434 881 1509 defensio
900 1434 968 1509 fuit
987 1443 1195 1510 commissa.

240 1566 417 1633 Constans
434 1586 453 1632 e
469 1561 586 1633 Gallia
605 1567 750 1651 intacta,
773 1561 915 1634 Rhoetia
939 1561 1116 1660 Italiaque
1137 1568 1196 1635 in-

190 1699 304 1784 tegra,
324 1691 510 1785 Hispania,
537 1684 669 1776 Africa,
704 1685 845 1776 Sicilia,
870 1701 904 1769 et
926 1693 1059 1773 caeteris
1086 1693 1198 1788 maris

190 1809 442 1883 Mediterranei
467 1808 616 1898 insulis,
640 1815 831 1910 imperium
857 1789 1089 1893 Occidentale
1117 1836 1198 1883 am·

188 1913 292 2034 plum
322 1960 408 2008 sane
434 1952 468 2008 et
488 1950 681 2035 augustum
703 1951 768 2021 est,
786 1932 887 2031 nulla
918 1935 1039 2007 adhuc
1065 1940 1197 2007 amissa

188 2063 386 2157 provincia.
413 2061 535 2151 Quum
566 2060 702 2149 Stilico,
729 2057 886 2132 Gildone
903 2065 1009 2150 victo,
1034 2038 1195 2158 recepral

78 2184 80 2188 ’
187 2207 260 2279 que
277 2181 406 2274 Africa,
423 2190 576 2256 Romam
588 2183 707 2273 rediit,
726 2209 791 2283 par
803 2182 872 2256 fuit
889 2190 1040 2256 Romam
1057 2182 1194 2282 gaudio

186 2308 294 2381 simul
323 2322 358 2383 et
384 2306 625 2384 admiratione
658 2308 842 2411 perfundi.
874 2315 956 2382 Dux
984 2316 1081 2383 enim
1113 2292 1190 2399 ille',

186 2458 319 2533 magno
328 2432 547 2527 Theodosio,
564 2434 715 2508 domino
731 2462 813 2525 suo,
832 2462 904 2507 non
923 2434 1106 2534 indignus,
1129 2428 1191 2508 ro·³

77 2580 78 2583 ’
185 2561 301 2633 bustis
320 2558 481 2634 humeris
499 2567 640 2661 imperii
660 2585 755 2633 onus
769 2559 942 2653 subierat,
962 2577 997 2632 et
1016 2587 1080 2659 per
1105 2546 1190 2636 euni

187 2711 253 2758 nec
271 2691 429 2759 victoriae
447 2692 569 2758 Romae
583 2685 784 2775 defuerant,
806 2711 873 2757 nec
888 2684 1076 2784 triumphi.
1177 2670 1184 2697 l

233 2814 378 2905 Quanta
391 2826 481 2884 esset
499 2814 621 2883 Romae
642 2810 855 2908 magnitudo
877 2808 1024 2883 barbari
1044 2816 1110 2909 ipsi
1131 2785 1188 2914 in}

185 2936 407 3035 telligebant.
429 2937 536 3009 Ibant
558 2938 669 3030 enim,
694 2941 790 3036 ripas
806 2936 967 3009 Danubii
996 2915 1189 3034 Rhenique

184 3060 508 3175 sequentes,idque
524 3066 703 3152 mirantes,
721 3060 821 3160 quod
839 3058 978 3159 ubique
993 3063 1184 3160 imperinm

182 3187 386 3259 Romanum
404 3201 627 3278 occurrerem
644 3188 749 3284 cujus
761 3183 971 3283 quaerebant
982 3185 1107 3277 finem,
1118 3201 1185 3258 nec

181 3310 425 3384 inveniebant.
440 3312 575 3384 Cimbri
592 3314 859 3408 Teutonesque‚
876 3314 991 3411 prima
1002 3303 1179 3404 barbaro{

181 3463 262 3511 rum
279 3441 435 3536 agmina,
449 3437 510 3509 illa
525 3434 778 3528 admiratione,
793 3450 985 3537 conspecta
998 3419 1183 3541 Romano·

180 3587 261 3634 rum
282 3562 410 3662 gloria,
432 3559 707 3662 obstupuerant.
723 3566 806 3633 Post
822 3562 890 3633 hos
907 3578 1046 3634 cunctae
1062 3544 1182 3660 gentes

180 3712 255 3758 non
271 3690 346 3760 sine
365 3703 502 3760 terrore
512 3684 786 3786 quodamillam
797 3690 997 3761 Romanam
1014 3668 1181 3768 domina·

179 3816 331 3904 tionem,
344 3818 401 3885 cui
413 3813 504 3886 nulli
520 3817 663 3886 termini
673 3838 747 3885 esse
757 3811 986 3904 videbantur,
1001 3797 1180 3913 spectave'·

180 3953 277 4012 runt.
295 3944 456 4054 Fuerunt
470 3943 574 4015 etiam
592 3939 777 4015 interillas
794 3939 905 4014 duces
926 3944 1003 4039 qui,
1025 3946 1179 4013 Romam
