2744 4776
611 289 750 348 ..2-

179 471 266 516 uum
295 445 425 518 babuit
454 447 628 536 Probum,
655 450 761 545 cujus
786 446 895 540 filios,
927 449 1128 523 Probinum
1147 468 1186 524 et

179 571 370 668 Olybrium
403 572 583 662 consules,
609 579 773 646 maximis
793 573 964 646 laudibus
983 581 1019 647 in
1042 602 1119 648 uno
1140 603 1187 648 ex

179 702 405 795 panegyricis
420 704 493 769 suis
507 698 649 788 extulit,
668 702 710 770 A.
728 703 768 772 C.
791 697 875 797 395.

229 821 366 893 Eodem
386 846 499 911 anno,
515 838 597 923 post
606 822 801 896 Theodosii
822 838 988 914 mortem,
1004 825 1186 913 Mediola-

180 972 268 1018 num
282 952 395 1046 petiit,
409 953 446 1019 iu
460 948 641 1020 stiliconis
656 950 805 1021 cohorte
818 950 996 1048 stipendia
1008 950 1183 1027 lecturus.

178 1074 303 1170 Usque
311 1072 354 1144 ad
367 1071 682 1171 quadragesimum
695 1099 831 1147 annum
846 1075 1059 1163 aStilicone,
1071 1092 1188 1174 poste·

179 1205 273 1270 riore
281 1215 450 1299 patrono,
460 1224 534 1271 uon
545 1199 732 1288 abscessio
746 1225 906 1297 quocum
917 1207 1021 1274 etiam
1032 1208 1184 1275 Romam

179 1321 297 1394 rediit.

228 1447 382 1522 Redibat
407 1464 527 1522 autem
556 1464 685 1524 auctus
708 1452 864 1550 conjuge
883 1477 890 1520 ε
910 1475 1007 1524 anno
1027 1456 1123 1522 enim
1139 1455 1183 1522 A.

180 1578 220 1647 C.
255 1574 340 1673 398,
377 1580 518 1665 Serena,
538 1574 722 1648 stiliconis
736 1601 862 1667 uxore,
883 1602 950 1675 pro
969 1601 1013 1648 eo
1031 1581 1186 1648 maxime

180 1703 331 1789 nitente,
348 1705 521 1798 virginem
539 1701 939 1798 jamdudumamatam,
963 1700 1186 1775 Alexandria

180 1830 216 1897 in
234 1830 505 1898 matrimonium
521 1826 684 1899 duxerat.

226 1957 390 2024 Honores
411 1978 487 2024 non
505 1951 560 2023 illi
580 1951 775 2024 defuerunt
791 1980 799 2041 ;
822 1952 924 2024 illum
938 1958 1034 2024 enim
1051 1953 1185 2024 cohor·

179 2082 224 2149 tis
243 2077 433 2149 tribunum
450 2093 485 2149 et
505 2081 689 2148 notarium
709 2075 819 2147 fuisse
837 2091 1014 2148 testantur
1029 2103 1186 2149 marmo-

180 2227 247 2274 reae
281 2202 434 2291 tabulae,
464 2207 502 2272 in
538 2206 731 2298 Pomponii
758 2207 843 2273 Laeti
872 2200 983 2274 domo
1017 2209 1182 2274 inventae.

179 2324 1185 2422 Tribunitiusautemgraduseiinterclarissimoslocum

181 2451 305 2544 dabat,
319 2478 385 2525 nec
403 2452 631 2524 senatoribus
646 2458 762 2550 impar
777 2469 864 2524 erat.

229 2577 284 2650 Ad
322 2576 357 2649 id
395 2577 580 2650 honorum
610 2577 915 2675 fortunarumque
944 2578 1186 2651 Claudianum

182 2703 389 2776 extulerunt
403 2708 564 2775 carmina
578 2727 657 2792 sua,
674 2727 755 2799 quae
771 2702 999 2775 solertissime
1018 2703 1187 2776 adhibuit

181 2829 227 2901 ad
248 2828 423 2902 colendos
442 2827 764 2927 praedicandosque
785 2853 870 2898 suos
890 2843 1085 2927 patronos3
1108 2835 1186 2900 etii

180 2953 328 3051 quidem
344 2959 450 3053 pauci
468 2952 629 3047 suerunt,
645 2952 707 3026 sed
722 2951 818 3024 lecti.
837 2959 920 3024 Post
932 2953 1040 3024 Probi
1061 2959 1185 3026 amici-

183 3082 285 3168 tiam,
306 3084 385 3177 ipso
405 3077 527 3150 Probo
547 3077 758 3173 adjuvante,
774 3083 868 3148 inter
885 3077 1067 3150 stiliconis
1083 3076 1186 3149 sami-

181 3200 286 3276 liares
317 3218 482 3302 receptus
507 3217 572 3275 est.
606 3208 714 3275 Hunc
742 3217 862 3275 autem
890 3207 1183 3301 potentissimum

182 3335 341 3402 amicum
352 3334 518 3402 maximis
534 3354 677 3429 semper
694 3327 866 3400 laudibus
880 3343 998 3418 ornat,
1015 3353 1081 3400 nec
1101 3354 1189 3400 uxo·

182 3475 272 3547 rem,
299 3479 365 3529 nec
396 3454 528 3548 filium,
558 3481 623 3528 nec
652 3454 745 3527 filias
773 3454 929 3544 oblitus3
951 3480 1066 3553 quum
1091 3459 1187 3526 enim

181 3580 310 3654 incidit
321 3586 358 3652 in
374 3585 602 3682 imperatoris
618 3584 892 3681 panegyricum,
914 3580 1031 3652 multo
1045 3580 1191 3650 brevior

182 3720 235 3778 est
250 3709 287 3776 in
303 3704 525 3779 celebrando
538 3709 660 3803 generi
675 3704 869 3777 consulatu
880 3728 991 3802 quam
1003 3710 1040 3775 in
1054 3705 1190 3801 jactan-

180 3830 236 3902 dis
261 3836 375 3903 soceri
401 3831 595 3932 triumphis
620 3835 801 3927 variisque
831 3829 1040 3902 virtutibus.
1065 3834 1189 3927 Neque

180 3958 382 4056 negaverim
398 3979 480 4030 eum
495 3957 638 4055 aliquot
658 3960 820 4029 carmina
836 3961 874 4028 in
899 3956 1079 4027 honorem
1098 3980 1188 4026 con·
