2744 4776
582 335 741 394 ..02-

309 493 424 551 Consilio
436 493 540 550 firmata
552 493 609 551 Dei⁴
621 493 666 565 qui
681 495 739 564 lego
752 491 853 546 moveri

310 592 413 659 Sidera,
427 593 472 664 qui
488 593 579 663 fruges
590 592 697 647 diverso
707 597 827 661 temporo
841 589 924 657 nasei,

311 690 362 758 Qui
376 692 478 746 variam
491 690 611 746 Phoeben
625 690 712 746 alieno
721 688 831 760 jusserit
844 687 897 758 igni

311 787 453 859 Compleri‚
472 788 609 860 solemque
624 804 688 857 suo;
704 786 852 859 porrexerit
863 784 942 841 undis

277 919 281 925 .
310 886 425 956 littora3
441 885 564 942 tellurem
578 885 667 942 medio
676 884 817 941 libraverit
831 900 889 940 ane.

311 983 366 1039 Sed
377 997 460 1056 quum
472 999 516 1040 ros
527 982 666 1040 bominum
677 988 753 1038 tanta
764 983 876 1055 ealigine
889 982 958 1039 volvi

311 1079 495 1151 Adspicerom,
506 1077 636 1152 laetosquo
647 1079 692 1136 diu
702 1079 796 1136 llorere
808 1083 944 1146 nocentes,
1032 1058 1036 1064 ⁵

312 1175 466 1246 vexarique
478 1173 545 1246 pios,
559 1191 653 1232 rursus
664 1175 796 1232 labelaeta
810 1174 924 1232 cadebat

310 1274 432 1346 Religio,
444 1289 586 1346 causaequo
595 1275 668 1331 viam
680 1289 733 1330 non
742 1279 836 1352 sponte
847 1272 979 1345 sequebar

311 1373 436 1443 Alterius,
450 1387 535 1429 vacuo
546 1389 608 1445 quae
618 1389 725 1429 currere
736 1373 839 1428 semina
850 1377 924 1429 rnotu

314 1471 445 1540 Affirmat,
458 1486 639 1544 magnumque
649 1487 732 1528 novas
742 1471 877 1544 perinane
888 1469 985 1542 figuras

313 1570 441 1641 Fortuna,
451 1585 503 1625 non
518 1575 584 1637 arte,
596 1569 666 1640 regi;
682 1585 744 1640 quar
755 1569 866 1623 numina
876 1584 956 1624 sensu

313 1665 445 1737 Ambiguo
455 1666 498 1721 vol
510 1665 582 1722 nulla
596 1671 683 1735 putat,
696 1665 738 1721 vel
750 1665 841 1722 nescia
850 1667 946 1721 nostri.

313 1761 433 1818 Abstulit
442 1761 632 1818 bunctandom
642 1762 728 1818 Rufini
742 1779 820 1836 poena
833 1763 986 1833 tumultum,

319 1862 495 1934 Absolvitque
504 1863 573 1920 Deos
585 1862 631 1936 (l).

661 2266 698 2346 ll

561 2526 800 2602 Eutropius·

226 2822 268 2887 In
285 2820 499 2913 Eutropium
510 2821 617 2888 etiam
631 2841 712 2887 curm
728 2820 871 2889 Zosimo
887 2822 1068 2889 consentit
1077 2816 1182 2892 Clau·

179 2937 321 3011 dianus.
343 2938 410 3011 Sed
430 2938 532 3037 quod
551 2963 625 3010 non
642 2938 740 3037 apud
754 2938 981 3032 historicum,
999 2940 1069 3014 hoc
1084 2942 1182 3041 apud

180 3075 322 3161 poetam
338 3067 509 3152 occurrit,
530 3048 568 3134 id
585 3076 649 3152 est,
663 3060 707 3135 ad
721 3069 842 3134 vivum
861 3088 1027 3162 expressa
1046 3071 1183 3138 miserae

181 3186 517 3293 Constantinopolis
538 3192 670 3284 imago

229 3310 407 3384 Eunucho
425 3312 592 3402 consule,
619 3318 759 3411 imperii
783 3312 968 3386 honorum
995 3332 1029 3388 et
1056 3342 1185 3390 mune·

182 3461 263 3508 rum
277 3443 397 3509 auretio
415 3424 508 3513 sacta
526 3454 596 3510 est:
620 3437 824 3511 audiendus
838 3456 889 3512 est
905 3456 1010 3538 praeta
1026 3469 1033 3512 :

421 3684 428 3698 .
468 3681 476 3697 .
516 3685 522 3697 .
563 3682 570 3698 .
612 3662 617 3697 ς
658 3680 666 3700 .
703 3642 919 3717 Suffinapatouti
980 3698 991 3713 Α,
1070 3685 1073 3688 -

324 3740 462 3798 Vestibulo
474 3739 568 3813 pretiis
582 3739 722 3814 distinguit
734 3742 826 3814 regula
839 3748 942 3814 gentes.

223 3997 259 4069 (l)
279 4000 312 4053 In
324 4000 457 4074 Rufinum,
468 4002 515 4059 lib.
528 4003 549 4066 l,
560 4019 585 4056 v.
599 4004 625 4057 l.
