2744 4776
581 357 722 414 ...3-

151 509 238 582 sulis
251 510 361 583 Flavii
384 509 497 582 Mallii
512 511 695 611 Theodori
715 516 910 610 scripsisse,
926 527 961 584 et
976 511 1157 585 Gennabii

151 651 372 735 aucupatum
391 660 469 708 esse
493 642 643 735 gratiam
667 663 675 708 :
698 637 760 709 sed
779 652 938 734 quatuor
957 637 1014 709 his
1028 661 1155 734 excep·

77 802 80 807 ·
152 766 210 848 tis,
232 786 307 832 non
332 761 445 833 alium
475 768 659 853 invenias,
687 765 792 858 cujus
817 785 861 834 ex
883 761 1004 835 favore
1020 777 1157 834 etcura

154 883 363 982 dignitatem
396 885 465 957 sibi
496 901 531 958 et
560 886 791 986 splendorem
826 886 981 986 petierit.
1022 886 1158 958 Multas

152 1008 289 1100 laudes,
304 1010 367 1082 sed
387 1015 522 1109 paucis,
543 1010 656 1099 dedit,
673 1016 764 1088 mira
786 1025 860 1083 arte
879 1009 1061 1109 praeditus,
1077 1034 1159 1107 quae

153 1140 187 1206 ei
204 1159 280 1206 non
297 1141 374 1207 sine
391 1142 539 1236 praemio
554 1136 623 1208 fuit
637 1163 646 1225 3
663 1161 794 1235 nempe
806 1140 912 1236 pauci
928 1136 981 1207 illi
999 1141 1158 1234 patroni,

153 1285 312 1357 quorum
331 1260 583 1333 benevolentia
610 1260 809 1334 modestius
836 1261 1021 1350 utebatur,
1046 1243 1161 1358 poetae

155 1407 223 1456 suo
238 1408 430 1484 nunquam
451 1384 658 1458 defuerunt.
1070 1388 1073 1391 ’

203 1513 472 1586 Nulloshabuit
483 1520 650 1587 inimicos
662 1529 770 1614 poeta
789 1529 865 1587 tam
880 1528 1022 1602 cautus,
1035 1528 1163 1611 praeter

156 1661 286 1732 unum,
311 1645 470 1740 praetorii
498 1639 722 1740 praelectum,
753 1640 970 1731 Adrianum,
988 1663 1097 1736 quem
1124 1645 1162 1710 in

157 1769 328 1858 carmine,
342 1791 418 1864 quo
441 1767 521 1863 ejus
542 1771 706 1838 animum
725 1765 869 1840 flectere
891 1782 1060 1852 conatur,
1087 1769 1166 1864 ipsc

93 1943 96 1947 ψ
158 1896 335 1964 nominat.

206 2023 291 2089 Post
303 2017 486 2090 stiliconis
502 2033 669 2108 mortem,
688 2016 805 2109 idest,
822 2032 905 2116 post
923 2041 1061 2090 annum
1075 2015 1164 2105 408,

159 2143 249 2213 nihil
267 2141 313 2214 de
325 2143 529 2215 Claudiano
542 2158 669 2215 notum
687 2142 879 2234 habemus,
893 2157 929 2214 et
942 2167 1059 2239 quum
1073 2139 1165 2211 nihil

158 2268 314 2367 amplius
333 2283 441 2367 poeta
467 2274 658 2368 scripserit,
680 2267 785 2339 illum
811 2292 897 2339 sane
917 2280 1071 2366 patrono
1098 2288 1167 2335 suo

159 2400 385 2492 superstitem
401 2421 477 2467 uon
493 2394 602 2466 fuisse
620 2393 855 2467 credendum.

644 2977 680 3060 ll

503 3288 694 3349 Claudiani
715 3304 835 3364 opera.

214 3644 406 3720 Glandiani
437 3668 589 3745 operum
615 3640 752 3742 duplex
770 3657 805 3714 et
830 3641 1012 3713 diversum
1032 3664 1173 3739 genus:

165 3772 276 3846 altera
289 3785 325 3845 et
336 3776 477 3843 minora
490 3768 637 3868 quidem
652 3792 806 3840 numero
820 3766 930 3864 (inter
944 3789 1025 3864 quae
1043 3783 1175 3839 occur·

166 3902 213 3968 rit
232 3902 411 3995 optimum
431 3897 509 3992 ejus
531 3910 566 3966 et
582 3898 804 3994 praecipuum
819 3878 932 3990 opus,
949 3895 1177 3990 Proserpinae

167 4023 328 4122 Raptus),
346 4019 607 4095 tantummodo
623 4018 669 4092 ad
689 4022 827 4119 poesim
847 4020 1048 4120 pertinent;
1065 4016 1177 4095 alters
