2744 4776
601 278 760 340 ..400-

187 439 257 509 tori
273 433 422 532 quidem
442 439 607 524 inservit,
628 436 690 509 sed
704 439 859 535 propriae
879 434 1042 517 utilitatis
1056 461 1168 516 cauta
1179 466 1192 528 ·‚

189 566 244 633 vir
258 559 368 632 fallax
382 576 418 632 et
431 566 573 633 uirtutis
586 562 715 635 doctus
729 561 929 638 simulator.
945 566 1035 635 Cum
1048 562 1195 642 Alarico

185 684 450 776 clandestinum
461 692 718 760 commercium
733 685 859 774 habet;
871 691 994 783 quoin
1006 690 1194 767 Orientem

179 815 367 897 immissu,
390 809 548 907 Illyricas
560 817 763 910 provincias
776 826 894 910 sperut
909 831 946 882 te
960 827 1194 910 recuperetu-

180 958 290 1026 rum,
316 939 365 1006 ita
385 949 448 1022 ut,
478 939 652 1008 Romanis
668 942 804 1034 puriter
821 950 856 1008 et
874 934 1038 1008 barbaris
1057 914 1195 1013 oonsu-

185 1059 283 1148 lens,
300 1059 345 1132 ad
362 1059 429 1131 hos
451 1059 521 1131 sibi
535 1113 544 1150 ,
559 1065 587 1132 si
601 1035 804 1132 destituerit
825 1066 945 1158 ipsum
965 1065 1195 1160 imperatoris

184 1182 558 1284 savor,·perfugium,
580 1201 616 1258 et
629 1191 734 1284 quasi
755 1201 901 1285 portum
914 1201 1028 1284 paret.
1043 1185 1193 1266 Nullam

185 1314 218 1382 ei
229 1309 337 1384 aliam
349 1315 518 1382 virtutem
530 1310 777 1409 tribuitquam
793 1311 986 1389 consilium
1010 1316 1192 1402 zosium,

184 1460 252 1510 nec
284 1450 406 1509 tamen
435 1460 520 1509 eum
550 1437 769 1536 proditionis
802 1452 971 1527 accusate
994 1443 1071 1509 imo
1106 1461 1194 1540 vero

186 1562 264 1658 ejus
284 1566 481 1664 promerita
499 1560 710 1651 confitetur,
734 1577 845 1660 atque
867 1566 975 1635 etiam
1000 1561 1089 1664 dicit
1107 1586 1193 1637 eum

187 1685 327 1758 ltaliam
361 1684 580 1787 liberavisse.
611 1717 629 1753 <r
658 1685 716 1759 Ob
735 1687 833 1760 hauc
858 1691 1043 1761 victoriam
1069 1687 1195 1761 Stilico

192 1840 208 1877 u
238 1834 313 1883 uon
330 1810 395 1884 abs
410 1832 449 1883 re
465 1834 616 1908 magnos
632 1817 773 1885 animos
786 1836 926 1909 gersus,
938 1832 1022 1886 cum
1034 1817 1195 1886 exercitu

191 1966 208 2002 r<
236 1936 284 2010 ab
305 1935 478 2008 omnibus
499 1915 615 2035 ¹prope
646 1936 798 2015 modum
815 1950 1011 2009 'coronatus
1033 1937 1195 2029 redibat,

192 2092 210 2128 rr
238 2087 353 2159 quum
367 2075 496 2160 praeter
514 2085 661 2132 omnem
679 2081 779 2160 spem
800 2060 1004 2137 formidatis
1027 2060 1197 2160 periculis

79 2285 81 2288 y
193 2217 210 2254 u
238 2186 377 2258 ltaliam
397 2184 595 2258 liberasset.
616 2216 634 2251 2>

239 2314 313 2406 Ipsi
327 2323 446 2381 autem
462 2308 626 2382 Ecclesiae
642 2315 761 2382 Patres
774 2310 938 2389 stiliconi
951 2330 1026 2382 non
1040 2314 1195 2382 oumino

190 2435 328 2519 adversi
345 2449 452 2524 eunte
471 2435 550 2532 ejus
563 2435 657 2533 leges
680 2436 813 2534 probat
827 2436 931 2512 divus
945 2439 1170 2532 augustiuus
1185 2464 1195 2526 3

189 2559 643 2657 eumquesemibarbarum
654 2575 758 2632 vocat
769 2559 874 2633 divus
886 2565 1141 2657 Hieronymus.
1177 2602 1181 2615 κ
1238 2655 1241 2665 ’

240 2691 362 2776 Quum
377 2689 541 2757 Zosimus
556 2684 695 2782 aliquas
713 2683 841 2760 laudes
864 2683 1002 2759 tribuat
1015 2684 1195 2773 Stiliconi,

183 2811 254 2883 ¹ille
266 2809 687 2910 proximusClaudiano,
703 2830 916 2908 quanquam
936 2834 1023 2885 eane
1039 2808 1196 2884 multum

192 2937 239 3011 ab
266 2961 311 3009 eo
326 2935 444 3010 distet.
472 2941 618 3008 Certum
636 2950 689 3006 eet
712 2935 877 3008 laborare
895 2934 1138 3011 Claudianum
1157 2948 1200 3006 ut

181 3038 373 3143 ¹Stilicouis
389 3075 486 3157 gestu
509 3059 700 3158 amplificet
715 3088 725 3149 3
752 3059 844 3133 illud
860 3076 981 3135 aretem
996 3076 1072 3133 uuo
1090 3072 1199 3156 argu-

194 3202 315 3265 mento
348 3191 432 3258 satis
455 3183 748 3275 confirmabitur,
777 3211 906 3284 nempe
931 3187 1008 3281 ejtrs
1037 3189 1200 3258 carmina
1250 3238 1253 3240 -

193 3334 278 3386 cum
299 3311 395 3383 libro
412 3313 564 3397 Zosimi,
590 3313 628 3380 in
648 3335 725 3407 quo
746 3316 812 3382 iste
834 3314 1006 3383 Graeciam
1026 3333 1047 3381 a
1070 3305 1201 3381 Gothis

195 3453 365 3517 vastatam
386 3440 564 3526 narravit,
585 3433 821 3508 conserendo.
837 3440 871 3509 Si
886 3439 1031 3508 Zosimo
1049 3432 1198 3523 credas,

197 3570 310 3637 serius
326 3561 449 3636 Stilico
469 3585 575 3660 opem
595 3558 679 3632 tulit
697 3564 859 3649 Graeciae,
881 3583 1035 3656 eamque
1056 3563 1202 3656 petrium

196 3702 365 3763 vastatum
386 3690 527 3786 reperit.
548 3690 590 3757 lu
609 3683 837 3783 Peloponeso
856 3683 1000 3757 tandem
1016 3682 1200 3754 Alaricum

197 3828 401 3901 assecutus,
421 3836 503 3882 eum
517 3815 554 3880 in
567 3823 692 3880 monte
708 3807 843 3880 Pholoe
865 3809 1033 3898 inclusit3
1050 3807 1110 3879 sed
1136 3805 1201 3878 ubi

197 3952 335 4015 certum
352 3936 481 4008 habuit
498 3933 679 4011 Alaricum
693 3938 819 4024 teneri,
834 3947 949 4010 castra
965 3931 1198 4036 relinquens,
1293 3984 1295 3988 2
