2744 4776
617 268 757 327 ..g-

181 426 281 500 utilis
297 441 350 500 est
367 432 544 518 Zosimus,
559 428 661 527 quod
680 444 806 501 tenore
816 425 977 528 quodam
989 428 1193 507 Theodosii

180 551 341 626 filiorum
364 553 512 626 annales
526 553 694 652 scripsit(
719 554 747 647 )
775 604 779 609 -

229 684 373 752 Zosinro
399 677 641 777 opponendus
664 693 717 751 est
735 679 828 751 alius
847 695 988 772 auctor,
1016 681 1193 758 brevitate

181 810 344 903 insignis,
359 805 576 876 christianus
599 809 751 899 Zonara,
769 811 848 902 qui,
868 810 1191 908 Constantinopoli

178 929 395 1031 jampridem
416 935 453 1001 in
468 933 614 1001 exitium
636 954 765 1027 prona,
779 935 879 1022 vixit,
890 936 1113 1032 ,imperiique
1132 960 1191 1007 res
1232 1027 1240 1037 ‘

181 1080 299 1154 usque
312 1053 358 1127 ad
371 1055 510 1126 Alexim
525 1059 747 1126 Comnenern
772 1071 981 1155 persecutus
995 1072 1057 1130 est.
1068 1063 1188 1132 Cursu

181 1177 355 1251 celeriore
382 1193 520 1277 raptus,
548 1184 677 1278 pagina
704 1184 761 1250 rix
788 1205 862 1252 una
881 1196 998 1254 totum
1032 1188 1190 1256 Houorii

182 1329 332 1402 reguum
355 1304 620 1406 complectitur,
640 1311 838 1403 omniaque
858 1312 909 1380 ita
927 1322 1054 1398 mutat,
1071 1323 1113 1380 ut
1131 1335 1189 1383 res

181 1455 264 1502 eum
286 1435 438 1503 omuino
451 1428 575 1502 fallere
589 1429 791 1503 videantur.
809 1432 891 1524 Qria
905 1432 950 1504 de
964 1448 1069 1531 gente
1083 1449 1189 1507 ortus

181 1554 289 1627 fuerit
316 1554 502 1643 Alaricus3
532 1571 655 1627 utrum
683 1561 728 1627 sit
749 1556 998 1629 Vandalorurn
1019 1558 1108 1649 dux,
1138 1585 1186 1634 an

181 1679 406 1771 Gothorum,
437 1684 562 1751 nescit.
599 1686 723 1771 Quum
757 1694 878 1751 autem
908 1680 954 1753 ad
986 1687 1187 1754 maritimos

180 1808 357 1880 Ravenna
378 1805 477 1878 lacus
496 1804 635 1903 aufugit
658 1811 855 1895 Honorius,
869 1821 1017 1879 auctore
1030 1813 1184 1899 Zonara,

180 1957 256 2006 non
279 1932 488 2031 Visigothos
510 1931 658 2030 quidem
686 1930 905 2022 formidavit,
932 1932 994 2004 sed
1015 1937 1182 2007 Romam.

180 2057 283 2130 Illius
302 2064 410 2157 igitur
432 2063 565 2157 scripta
586 2082 661 2129 non
681 2056 883 2155 quidquam
898 2056 1093 2131 conferunt
1111 2061 1185 2132 his·

182 2186 307 2281 toriae(
333 2189 360 2283 i.
543 2162 551 2179 ⁵

230 2314 391 2381 Socrates
416 2325 451 2380 et
474 2314 709 2401 Sozomenes,
735 2312 850 2380 Graeci
873 2306 998 2399 ambo,
1019 2309 1184 2383 Ecclesiae

180 2437 367 2509 historiam
382 2441 618 2534 scripserunt,
634 2456 700 2505 nec
714 2431 813 2504 alind
827 2450 1060 2532 respexerunt
1072 2461 1183 2534 quam

181 2568 296 2662 ipsam
309 2561 515 2634 Ecclesiam.
529 2559 771 2632 Barbarorum
781 2557 1052 2631 adventantium
1064 2558 1184 2658 frago-

180 2713 270 2780 rem,
299 2712 374 2785 quo
394 2691 587 2785 imperium
610 2690 817 2756 Romanurn
834 2689 1091 2776 circumsonat,
1108 2711 1183 2759 non

180 2811 356 2903 andiunt,
381 2837 448 2883 nec
472 2816 653 2906 attingunt
671 2809 877 2899 historiam,
903 2815 972 2881 nisi
995 2835 1113 2908 quum
1137 2811 1184 2884 ad

180 2946 276 3039 ipsas
294 2938 457 3011 Ecclesiae
480 2961 534 3008 res
555 2940 721 3035 pertinet.
738 2940 899 3006 Socrates
916 2934 1080 3032 quidem,
1102 2962 1183 3033 quae

181 3063 336 3136 Arcadio
351 3077 385 3135 et
399 3066 563 3134 Honorio
580 3058 714 3132 fuerint
732 3057 906 3157 regnandi
926 3064 1039 3150 initia,
1058 3066 1184 3158 paucis

181 3204 320 3278 narrat3
352 3187 490 3259 inultus
513 3199 634 3258 autem
657 3189 769 3256 estin
794 3183 1022 3257 recensendis
1044 3190 1184 3258 eximiis

180 3315 278 3388 illius
301 3317 413 3386 aetatis
439 3315 628 3411 episcopis.
654 3309 792 3381 Eodem
818 3309 930 3383 modo
954 3309 1131 3382 Rufinum
1162 3335 1183 3383 a

180 3439 357 3514 militibus
385 3434 614 3510 interfectum
637 3434 743 3508 refert
770 3462 778 3507 :
805 3441 888 3533 quis
911 3451 1032 3508 autem
1052 3441 1097 3508 sit
1119 3441 1184 3508 iste

178 3566 346 3658 Rufinus,
368 3590 479 3663 quam
500 3561 551 3636 ob
571 3586 716 3636 causam
735 3566 889 3654 occisus,
913 3586 1042 3662 parum
1065 3575 1181 3652 curat,

213 3873 252 3939 (t)
270 3870 327 3927 Lib.
337 3869 371 3940 V,
384 3886 411 3941 p.
423 3873 467 3927 86.
486 3868 608 3936 Basileus,
620 3868 700 3924 teto.

214 3975 251 4040 (l)
269 3972 299 4026 T.
312 3975 337 4044 3,
351 3987 378 4044 p.
388 3973 432 4027 33.
452 3967 573 4039 Basileus,
587 3968 667 4024 1557.
