2744 4776
579 331 736 403 ..1152-

159 517 236 591 tus,
269 517 307 573 ut
335 500 526 599 imperium
556 515 591 571 et
614 504 869 598 imperatorem
887 524 951 575 sua
966 500 1165 577 ambitione

159 632 197 698 in
212 625 416 726 periculum
428 637 544 697 vocet.
562 627 748 696 Orientem
761 629 872 722 igitur
883 641 919 699 et
931 626 1162 700 Occidentem

116 770 117 773 ’
159 755 255 823 inter
283 775 320 823 se
338 754 555 840 committit,
585 764 620 822 et
648 754 770 822 omnia
799 749 906 823 adse
937 749 1093 824 referens
1121 777 1165 824 eo

159 891 317 976 spectat,
342 891 383 947 ut
417 880 596 964 Romani,
626 873 670 947 ad
702 879 815 973 ipsius
846 898 945 948 arma
970 875 1167 974 confugere

159 1007 299 1089 coacti,
320 1005 577 1099 imperatorem
614 1024 722 1071 suum
758 999 965 1072 honoribus
991 1015 1026 1073 et
1051 1002 1165 1098 gloria

159 1124 348 1198 extollant.

188 1249 341 1323 ,Paulus
366 1253 517 1321 Orosius
545 1253 583 1320 in
617 1248 827 1322 lacessendo
859 1249 1031 1324 Stilicone
1057 1256 1165 1326 etiarn

160 1375 334 1448 audacior
346 1390 411 1447 est.
429 1374 591 1446 Affirmat
603 1379 699 1446 enirn
713 1375 923 1448 stiliconem
935 1374 973 1447 id
993 1375 1062 1448 sibi
1081 1402 1166 1475 pro·

163 1505 384 1599 posuissent
409 1524 430 1571 e
454 1498 547 1571 solio
570 1504 776 1571 Honoriutn
799 1499 1030 1590 deturbaret,
1056 1504 1166 1600 impe-

163 1630 333 1722 riumque
351 1621 559 1713 affectasse,
587 1647 661 1696 non
684 1631 761 1723 ipse
783 1629 989 1723 potiturus,
1018 1623 1078 1697 sed
1098 1651 1166 1697 no·

164 1754 260 1820 mine
278 1747 470 1837 Eucherii,
491 1748 557 1819 filii
580 1754 656 1840 sui,
682 1764 909 1847 regnaturus.
935 1752 1167 1851 Quapropter

165 1872 254 1944 bella
267 1871 437 1945 consulto
450 1879 535 1946 serit
547 1888 584 1944 et
596 1888 729 1964 movet,
743 1898 809 1945 nec
824 1874 1026 1972 quidquam
1039 1880 1165 1947 metuit

154 2003 231 2068 nisi
259 2023 379 2096 pacmn
406 2026 413 2069 :
444 2029 461 2064 «
493 1997 673 2072 Alaricum
696 2014 940 2097 cunctamque
959 1999 1165 2072 Gothorum

165 2152 183 2188 (ι
210 2137 374 2220 gentem,
395 2148 462 2222 pro
478 2117 567 2222 pace
586 2127 723 2223 optima
742 2139 777 2196 et
795 2123 1091 2222 quibuscumque
1110 2150 1165 2197 se·

165 2278 182 2314 a
210 2246 321 2320 dibus
348 2246 559 2348 suppliciter
589 2263 623 2320 et
650 2248 860 2348 simpliciter
887 2265 1070 2336 orantem,
1109 2277 1168 2322 oc·

164 2401 182 2436 r
206 2371 307 2444 culto
327 2369 464 2445 foedere
479 2371 625 2456 fovens,
652 2372 800 2472 publice
818 2389 936 2446 autem
958 2391 992 2444 et
1019 2374 1103 2446 belli
1134 2392 1168 2446 rt

165 2526 182 2560 «
211 2500 308 2595 pacis
326 2493 432 2595 copia
452 2512 581 2595 negata
607 2496 651 2569 ad
680 2497 865 2570 terendam
890 2498 1168 2595 terrendamque

164 2650 180 2684 a
211 2619 477 2718 rempublicam
494 2625 683 2692 reservavit
700 2621 766 2718 (r).
795 2651 812 2686 1>

211 2749 375 2816 Zosimus
396 2749 434 2816 in
461 2743 671 2817 stiliconem
698 2737 820 2816 minus
846 2749 964 2835 saevit3
987 2745 1060 2820 boc
1083 2745 1166 2820 loco

162 2873 314 2967 Eunapii
328 2869 456 2959 verba,
474 2875 539 2967 qui
555 2869 760 2943 Vandalum
782 2869 1013 2942 contumeliis
1031 2870 1166 2944 lacera·

161 3009 259 3066 verat
279 3019 356 3066 non
375 2994 512 3066 retulit.
532 2998 557 3065 Α
577 2992 712 3066 Rufino
736 3009 772 3066 et
790 2999 967 3094 Eutropio
987 2994 1168 3092 (fatemur

161 3116 290 3216 euim),
310 3118 521 3190 stiliconem
548 3123 711 3191 Zosimus
733 3145 808 3190 non
832 3119 983 3210 dividit,
1009 3145 1169 3219 eumque

161 3256 337 3315 monstrat
366 3241 439 3314 illis
465 3235 542 3315 uon
563 3241 795 3327 dissimilent,
824 3243 1024 3317 alienarum
1046 3254 1166 3318 rerum

159 3366 321 3456 avidum,
343 3367 477 3467 opibus
493 3369 711 3458 inhiantem,
726 3367 922 3459 crudelem,
938 3395 1006 3442 nec
1016 3369 1167 3444 cuilibet

159 3493 271 3588 ipsios
284 3497 352 3563 iter
377 3499 532 3565 moranti
554 3507 774 3592 parcentem,
791 3499 829 3564 in
849 3499 1015 3566 inimicos
1029 3500 1165 3567 atroci·
1200 3541 1205 3550 ›

160 3629 213 3687 ter
228 3621 444 3707 saevientem,
457 3642 593 3715 eosque
612 3616 765 3690 occultis
781 3618 920 3690 artibus
935 3633 1044 3717 atque
1055 3625 1163 3693 etiam

96 3751 99 3756 ’
160 3745 408 3814 ministrorum
430 3767 580 3814 suorum
603 3749 671 3816 sica
691 3759 979 3842 persequentem.
1001 3747 1164 3844 Impera·

194 4004 231 4079 (t)
250 4003 279 4080 Q.
294 4007 340 4076 aa,
352 4023 379 4080 p.
396 4009 457 4064 stt.
473 4007 595 4081 Lugduni
609 4008 780 4080 Batavorum,
795 4011 874 4066 ⁴738.
