2744 4776
595 297 757 357 ..t-1-

180 481 256 530 non
291 454 389 549 ultra
422 455 624 529 secundum
658 462 838 555 regnantis
864 463 1017 531 Honorii
1048 483 1187 533 annum

181 585 279 655 vixit.
302 586 394 655 Cum
407 579 614 655 Theodosio
633 596 753 655 autem
772 581 929 655 multum
948 600 1106 662 versatus
1119 599 1185 674 est,

89 741 92 745 ⁴
178 704 425 803 eumdemque
457 706 629 779 eximium
664 707 829 780 Ecclesiae
857 705 985 781 dilexit
1009 722 1186 800 tutorem,

163 856 290 930 ¹quem
306 831 474 905 facundis
493 847 528 905 et
548 834 734 928 exquisitis
749 830 921 921 laudibus
940 839 1079 908 ornavit
1094 861 1103 922 3
1126 834 1188 907 sed

182 961 219 1028 iu
236 955 386 1032 funebri
400 962 583 1049 oratione,
605 973 645 1030 ut
664 959 881 1057 inepistolis
899 958 963 1056 (ι),
985 959 1104 1030 solum
1122 963 1189 1033 Dei

180 1097 386 1182 sanctaeque
410 1083 578 1156 Ecclesiae
603 1088 732 1182 spiritu
756 1083 946 1182 abripitur.
975 1089 1189 1183 Imperatori
1248 1121 1251 1125 ·
1317 1096 1336 1109 ·‘

183 1234 250 1308 pro
274 1233 362 1306 pace
383 1208 555 1283 fidelibus
577 1208 713 1281 tributa
736 1224 851 1306 grates
875 1208 1058 1308 persolvit,
1083 1216 1190 1307 eique

168 1331 246 1433 ¹dat
264 1333 365 1408 laudi
384 1333 584 1408 adhibitam
605 1339 642 1405 in
661 1338 814 1408 Arianos
833 1338 1067 1409 severitatem.
1091 1339 1189 1413 Con-

185 1463 386 1550 troversias,
397 1458 534 1556 quibus
548 1456 706 1533 Ecclesia
722 1458 903 1549 turbatur,
915 1467 949 1530 et
963 1458 1123 1530 admixta
1138 1465 1190 1531 eis

165 1664 167 1668 ,
185 1599 239 1657 tot
254 1589 395 1683 imperii
412 1588 524 1683 ipsius
541 1584 634 1658 mala
649 1584 768 1656 deflet.

167 1788 170 1793 ,
233 1714 488 1784 Recentiorest
501 1707 608 1782 divus
623 1715 882 1807 Hieronymus;
900 1735 976 1782 nou
987 1726 1108 1782 autem
1119 1717 1191 1788 Ita·

185 1833 270 1910 tiam
288 1859 310 1908 a
329 1833 494 1911 barbaris
512 1849 684 1907 vastatam
704 1849 739 1905 et
752 1839 907 1910 Romam
923 1859 943 1908 a
960 1840 1096 1910 victore
1116 1834 1191 1907 fero

184 1957 356 2033 violatam
373 1974 410 2031 et
427 1958 585 2034 dirutam
606 1972 657 2029 est
675 1958 951 2057 contemplatus.
971 1957 1073 2030 Illam
1094 1965 1191 2054 enim
1274 1997 1277 2002 ·

186 2083 287 2162 orbis
308 2083 510 2175 dominam,
540 2114 557 2150 a
582 2109 681 2159 nunc
704 2082 862 2157 multum
883 2083 1116 2180 dejectam»
1139 2083 1193 2154 fu-

182 2215 300 2312 gisus,
313 2216 354 2284 iu
365 2209 556 2286 Bethlemae
568 2207 782 2282 solitudines
793 2222 996 2280 recesserat.
1009 2208 1078 2286 Sed
1090 2224 1193 2281 vtanto

186 2334 328 2434 fragore
341 2335 471 2410 cecidit
482 2341 613 2426 Roma,
628 2350 669 2407 ut
682 2335 728 2407 ad
740 2359 818 2407 eam
832 2340 946 2433 ipsam
957 2333 1192 2407 solitudinem

186 2466 387 2560 pervenerit
398 2462 477 2558 ejus
489 2464 602 2535 ruinae
614 2485 739 2533 sonus.
753 2459 880 2531 Pallidi
891 2475 1087 2551 senatores,
1098 2458 1195 2537 caede

187 2600 222 2661 ct
238 2584 394 2660 flammis
413 2590 539 2685 erepti,
560 2560 605 2657 ad
625 2583 871 2659 venerandum
887 2589 1004 2659 virum
1020 2578 1194 2682 confuge·

187 2725 296 2801 runt3
321 2713 471 2809 jamque
492 2716 530 2782 in
554 2710 697 2784 deserto
720 2707 845 2783 audita
866 2707 935 2781 fuit
959 2733 1089 2806 magna
1110 2736 1193 2798 vox,

188 2863 270 2935 quae
284 2842 450 2925 Romam,
467 2851 507 2906 ut
519 2835 609 2908 olim
623 2833 908 2931 Hierosolymam
923 2840 1093 2910 Jeremias
1107 2860 1193 2932 pro·

188 2962 308 3060 pheta,
335 2961 475 3058 lugens,
501 2975 630 3032 moesta
651 2958 945 3035 lamentabatur:
972 2957 1193 3040 «Terribilis

193 3116 210 3152 «
239 3086 284 3158 de
300 3085 497 3158 Occidente
516 3109 642 3159 rumor
655 3083 820 3173 affertur,
840 3083 999 3160 obsideri
1022 3086 1189 3172 uoniam,

174 3242 209 3291 ‚a
237 3208 837 3299 etaurosalutcmciviumredimi3
850 3209 1191 3308 spoliatosquerur-

190 3365 210 3402 .«
239 3361 319 3412 sum
337 3333 617 3411 circttmdari....
639 3340 753 3410 Haeret
772 3359 856 3423 vox,
874 3349 911 3406 et
929 3333 1111 3430 singultus
1137 3340 1194 3409 in·

193 3492 210 3528 α
239 3466 435 3558 teroipiuut
469 3460 578 3532 verba
615 3459 796 3535 dictantis.
824 3464 976 3556 Capitur
1003 3457 1092 3530 urbs
1114 3484 1196 3554 quae

190 3618 211 3656 a
239 3601 358 3659 totum
380 3591 475 3685 cepit
492 3585 620 3660 ,orbem
643 3613 652 3656 ε
675 3590 749 3660 imo
774 3583 867 3660 fame
885 3589 979 3682 perit
999 3597 1193 3680 antequam

223 3896 264 3961 tt)
283 3894 312 3952 P,
325 3895 404 3949 llio.
418 3892 508 3967 Epist.
524 3895 567 3962 li,
582 3895 627 3962 ΞΟ,
638 3910 667 3967 p.
679 3895 741 3966 sta,
752 3895 816 3960 852.
835 3891 921 3962 Paris,
939 3893 1017 3958 toto,
1035 3887 1135 3946 edition
1148 3888 1197 3944 des

191 3991 360 4048 benedictino
374 3991 407 4046 do
420 3991 594 4061 saint-Maur,
610 3996 629 4046 t.
643 3991 676 4048 ll.
