2744 4776
172 4004 190 4035 *ι

633 281 791 338 ..32..

215 446 297 530 niae,
317 455 357 511 ut
377 444 556 536 integrum
581 443 772 538 imperium
785 436 897 507 videri
916 442 1088 536 potuerit.
1105 435 1146 509 Id
1165 453 1221 508 to·

216 584 294 640 tum
327 590 437 638 manu
464 590 528 639 sua
555 571 737 637 continuit
764 563 1010 652 Theodosius;
1053 588 1129 660 quo
1164 587 1222 634 re·

214 708 347 793 gnante
377 691 501 764 credas
538 691 683 763 rediisse
718 695 918 788 primorum
960 694 1220 788 imperatorum

215 832 373 905 aetatem3
395 831 537 889 tantum
553 821 741 912 estmagni
759 819 825 886 viri
841 812 951 913 opus!
971 812 1068 884 Illud
1083 828 1220 902 autem,

216 948 392 1014 exstincto
415 940 634 1032 Theodosia,
660 939 896 1039 regnantibus
919 937 1018 1031 filiis,
1043 935 1223 1034 aliquam-

217 1067 282 1138 diu
323 1072 430 1138 stetit.
469 1069 551 1137 Non
593 1066 692 1137 solus
723 1064 946 1138 Claudianus
973 1063 1220 1136 Theodosium
1251 1117 1256 1126 .

216 1191 484 1288 Tlreodosiique
500 1216 554 1263 res
569 1191 752 1278 laudavit3
779 1190 905 1262 iisdem
925 1193 1022 1261 enim
1046 1187 1222 1260 laudibus

219 1341 389 1414 magnum
408 1321 661 1415 imperatorem
680 1314 908 1387 ecclesiastici
931 1321 1121 1413 scriptores
1136 1339 1219 1412 pro·

220 1455 433 1538 sequuntur.
445 1440 503 1511 Illi
518 1439 680 1540 proiecto
691 1439 740 1512 ob
753 1439 1223 1513 Ecclesiaeinstaurationem

220 1573 471 1665 imperatorem
493 1565 710 1662 praedicant3
731 1563 791 1637 sed
812 1571 879 1637 nisi
893 1569 1086 1663 imperium
1099 1562 1225 1634 fuisset.

220 1697 479 1781 instauratum,
511 1716 584 1760 non
619 1695 811 1761 instaurari
846 1695 1020 1788 potuisset
1049 1686 1221 1759 Ecclesia.

220 1815 310 1887 lude
319 1815 373 1906 fit,
382 1816 616 1887 utchristiani
628 1813 824 1886 Theodosii
835 1819 1058 1902 victorias‚et
1068 1819 1132 1884 uni
1146 1818 1225 1883 viro

220 1945 381 2040 parentia
394 1939 469 2012 duo
483 1942 631 2038 imperia
648 1944 807 2011 certatim
825 1939 1019 2010 celebrent.
1042 1942 1084 2008 Et
1104 1942 1127 2007 ii
1144 1940 1227 2033 qui·

221 2063 302 2136 dem
321 2066 401 2138 illas
421 2070 588 2137 victorias
607 2069 684 2136 Deo
707 2064 889 2153 tribuunt,
910 2089 990 2162 quae
1012 2067 1227 2161 interpreta-

223 2192 304 2260 tioa
318 2189 507 2261 Claudiani
528 2177 646 2261 niente
663 2189 818 2261 multum
838 2189 956 2275 abest3
988 2187 1049 2259 sed
1064 2212 1107 2258 ex
1130 2191 1228 2257 testi·

224 2320 349 2385 monio
364 2329 478 2412 poetae
497 2320 630 2414 pariter
647 2331 681 2386 et
700 2315 864 2387 Ecclesiae
888 2320 1032 2386 Patrum
1058 2325 1225 2399 constat,

225 2444 404 2512 restitutas
426 2438 535 2513 fuisse
563 2438 709 2512 infirmo
732 2445 885 2538 imperio
910 2445 1015 2525 vires,
1039 2453 1087 2525 et,
1109 2461 1227 2534 quum

225 2570 392 2664 princeps
415 2569 601 2663 pristinam
628 2569 825 2663 potentiam
854 2563 921 2634 sibi
955 2562 1226 2647 vindicavisset,

226 2715 327 2762 suam
347 2689 456 2788 rebus
476 2693 648 2761 Romanis
670 2689 815 2761 rediisse
838 2686 1137 2784 magnitudinem.

192 2831 198 2843 ·
273 2813 483 2887 Dolendum
513 2830 565 2885 est
595 2813 757 2913 prolecto
786 2819 967 2884 Zosimum
1006 2827 1040 2883 et
1083 2824 1229 2883 caeteros

225 2938 317 3010 nihil
337 2938 383 3010 de
405 2943 448 3008 iis
473 2964 554 3035 quae
580 2929 687 3009 refert
713 2952 820 3037 pocta
846 2936 989 3009 dixisse.
1012 2933 1108 3007 Bella
1132 2951 1230 3007 certe

227 3079 374 3136 narrant
397 3078 541 3135 externa
563 3078 597 3134 et
620 3062 744 3161 palatii
764 3077 896 3149 motus,
912 3060 1047 3159 quibus
1064 3066 1230 3132 Romana

226 3212 281 3259 res
297 3185 504 3285 perturbata
522 3183 603 3277 fuit,
626 3185 686 3258 scd
710 3192 901 3285 imperium
923 3192 1043 3284 ipsum
1062 3208 1128 3256 nec
1148 3183 1231 3254 des·

225 3310 387 3405 cribunt‚
398 3334 465 3382 nec
480 3308 674 3408 effingunt,
688 3336 748 3382 seu
764 3310 1012 3409 imprudentes
1022 3308 1118 3380 'illud
1138 3313 1231 3380 omi·

227 3431 347 3527 serint,
367 3459 429 3507 seu
454 3450 561 3508 tantae
584 3442 634 3508 rei
658 3435 792 3508 luerint
814 3441 981 3536 impares.
997 3434 1093 3507 Illud
1107 3449 1228 3506 autem

228 3576 353 3633 contra
374 3560 616 3633 Claudianum
642 3576 708 3652 est,
730 3562 834 3659 cujus
860 3559 962 3652 fides,
991 3575 1032 3633 ut
1059 3575 1174 3660 poetae
1197 3573 1232 3631 et

229 3685 440 3780 laudatoris,
457 3691 605 3786 propter
623 3691 774 3759 istorum
795 3685 994 3773 silentium,
1019 3690 1057 3757 in
1076 3685 1231 3759 dubium

232 3827 393 3887 vocatur.

279 3944 455 4013 uotorum
476 3953 581 4039 poeta
611 3943 741 4039 ipsein
770 3938 953 4041 pingendo
976 3940 1127 4014 multam
1154 3965 1233 4013 urn-
