2744 4776
597 339 757 397 ...15...

179 503 385 586 Zosimum,
412 503 613 596 Zonaram,
649 503 854 588 Socratem,
882 501 1118 570 Sozomenem
1151 513 1186 570 et

180 623 332 696 Paulum
356 627 546 712 Orosium,
564 622 722 694 historice
740 624 923 718 jejunitas.
946 627 1070 717 Quum
1089 629 1185 695 enim

179 752 295 822 Roma
320 753 456 846 agitio,
492 753 607 819 Roma
636 748 736 819 orbis
763 754 905 846 antiqui
938 749 1184 837 dominatrix,
1258 806 1266 818 .

179 877 284 969 cujus
297 879 490 972 imperium
507 889 606 945 ¹totas
625 889 735 945 terras
750 874 797 944 ab
815 881 960 946 Oceano
974 873 1017 945 ad
1033 874 1186 963 Indum,

181 1024 201 1071 a
221 999 351 1071 Rheno
372 998 415 1070 ad
435 998 650 1069 solitudines
660 997 786 1070 Africae
804 997 1034 1096 complexum
1055 997 1185 1087 fuerat,
1260 1045 1266 1055 ·

181 1123 454 1195 dubitarelicet
479 1149 568 1195 num
589 1138 730 1195 tantum
753 1123 798 1195 de
825 1149 890 1196 sua
911 1123 1086 1222 dignitate
1118 1123 1188 1196 sibi
1231 1138 1233 1142 '

182 1247 382 1321 detractum
395 1248 543 1340 viderit,
561 1275 650 1321 num
666 1262 739 1321 tam
762 1254 915 1347 turpiter
929 1249 1111 1322 ceciderit.

231 1374 390 1446 Multum
413 1373 521 1446 distat
542 1373 679 1445 abillis
704 1374 942 1472 scriptoribus
970 1391 1095 1474 poeta,
1123 1381 1188 1474 qui

183 1504 306 1571 Romae
322 1500 541 1598 triumphos,
557 1505 658 1571 victis
672 1477 850 1591 barbariS,
867 1503 1015 1590 cecinit,
1036 1507 1100 1600 qui
1114 1506 1189 1575 Ro·

183 1649 279 1698 mam
296 1623 456 1716 effinxit,
472 1624 614 1697 firmam
625 1629 731 1697 etiam
743 1640 831 1697 tunc
841 1639 876 1696 et
891 1640 1089 1725 potentem,
1107 1641 1191 1700 ante

183 1749 287 1822 ducis
308 1750 567 1848 triumphalem
590 1775 739 1822 currum
762 1774 909 1847 magnas
931 1775 1031 1850 opes,
1049 1766 1127 1824 toto
1147 1776 1191 1826 ex

183 1874 273 1946 orbe
291 1889 424 1975 partas,
439 1888 648 1972 gestantem.

215 1999 342 2094 'Quod
361 2006 390 2071 si
410 2005 473 2098 qui
493 2000 648 2092 dixerint
667 1999 910 2072 Claudianum
925 2014 1070 2098 poetam
1087 2019 1188 2090 esse,

184 2126 333 2198 nullane
361 2096 474 2225 poet'ae
495 2125 705 2198 adhibenda
723 2141 776 2197 est
792 2125 907 2215 fides?
930 2125 1037 2215 Quod
1059 2123 1103 2197 ad
1122 2148 1190 2196 nos

183 2257 326 2340 attinet,
339 2278 414 2323 non
428 2257 579 2323 omuino
595 2251 783 2324 mendaces
792 2250 1186 2348 judicabimusversus,

184 2376 320 2475 quibus
333 2375 547 2475 praedicatur
566 2376 655 2448 urbs
669 2376 742 2465 illa,
757 2393 852 2473 quae,
866 2401 1077 2473 quanquam
1093 2381 1192 2474 peri.-

184 2516 280 2595 tura,
297 2526 380 2572 cum
401 2500 565 2572 barbaris
586 2516 705 2571 tamen
726 2499 868 2571 fortiter
886 2501 1136 2597 congreditur,
1158 2514 1193 2570 et

185 2642 262 2698 tum
283 2651 433 2724 quoque
447 2626 529 2697 iilos
549 2630 671 2698 vincit,
688 2630 783 2718 Quia
794 2627 969 2722 majorem
979 2624 1100 2705 forsan
1120 2628 1193 2695 Ro·

187 2758 283 2823 mam
302 2748 441 2848 effingit
451 2769 651 2851 poeta,non
670 2750 754 2822 ideo
771 2765 912 2823 constat
931 2774 1077 2849 parvam
1092 2749 1191 2822 iliam

186 2902 261 2950 esse
279 2892 314 2948 et
330 2883 483 2948 omnino
504 2876 674 2948 debilem,

162 3047 163 3050 π
236 3008 411 3076 Caeterum
424 3002 642 3100 jamdudum
664 3000 709 3073 ad
730 3001 919 3075 Claudiani
939 3006 1100 3073 carmina
1116 3001 1191 3072 his·

187 3113 304 3200 tonica¹
326 3127 526 3199 doctissimi
545 3133 612 3197 viri
634 3141 790 3198 mentem
810 3126 1048 3198 adverterant,
1071 3128 1194 3198 Eccle-

187 3256 414 3325 siasticorum
442 3251 628 3324 annalium
656 3257 821 3349 egregins
847 3266 992 3340 auctor,
1018 3256 1194 3324 Baronius

187 3374 274 3448 inde
297 3378 412 3449 multa
437 3382 603 3475 arripuit.
634 3376 825 3448 Claudiani
859 3383 956 3446 enim
987 3381 1194 3447 testimonio

188 3499 321 3592 fretus,
349 3502 551 3590 Rufinum,
585 3501 765 3600 perfidum
794 3506 1021 3591 ministrum,
1047 3515 1196 3600 propter
1307 3542 1309 3546 Α

108 3679 110 3682 ⁴
188 3628 363 3698 Graeciam
394 3626 557 3698 barbaris
580 3641 740 3724 apertam
767 3633 920 3723 graviter
939 3641 1095 3698 accusat.
1119 3631 1194 3698 Mu·

189 3772 295 3846 gnam
311 3757 343 3822 ei
356 3758 461 3822 etiam
475 3757 511 3821 in
526 3751 605 3823 aliis
617 3751 725 3851 rebus
745 3757 993 3841 auctoritatem
1008 3751 1150 3836 tribuit,
1162 3765 1196 3823 et

187 3891 333 3972 ¹poetam
357 3876 531 3947 historico
553 3882 697 3948 Zosimo
719 3902 933 3974 opponenS,
956 3877 1068 3948 multa
1088 3877 1200 3973 hujus

184 3997 274 4073 falsa
291 4016 326 4072 et
338 4007 472 4074 incerta
489 4017 523 4072 et
537 4001 609 4073 fide
632 4001 781 4098 indigna
806 4000 946 4072 refellit.
964 4007 998 4074 si
1016 4008 1112 4074 enim
1128 4002 1197 4074 Zo-
