2744 4776
598 355 757 413 -19..

178 508 286 580 firmo
302 513 367 580 niti
387 507 638 598 fundamento,
659 510 813 582 similem
832 535 917 582 sane
931 511 1076 584 cuidam
1095 513 1182 586 aedi·

178 633 262 706 licio
290 640 448 731 surgenti
478 659 625 733 magnas
653 641 747 707 inter
779 635 1039 726 tabulationes,
1060 637 1184 737 splen-

179 758 384 846 didissimis,
398 766 620 832 ornamentis
639 777 803 861 opertas,
827 761 963 859 quibus
985 762 1077 836 aedes
1101 770 1185 863 ipsae

180 889 403 958 sustinentur
423 885 605 983 simulque
628 884 859 958 decorantur.
886 891 1033 960 Cunctis
1063 905 1186 962 autent

179 1017 296 1110 poetis
324 1037 399 1082 non
425 1010 549 1083 eadem
568 1019 787 1109 contingunt
806 1037 886 1109 quae
907 1011 1123 1098 Claudiano,
1145 1026 1186 1083 ut

181 1161 487 1236 magnaspugnas
508 1136 667 1221 habeant
683 1136 881 1208 narrandas
897 1162 1119 1234 magnosque,
1133 1143 1186 1208 vi·

183 1287 241 1333 ros
259 1260 430 1334 laudibus
448 1261 711 1362 praedicandos.
734 1265 864 1335 Noster
882 1277 978 1334 certe
1001 1267 1186 1334 materiam

182 1391 426 1485 gravissimam
453 1387 674 1486 dignamque
693 1393 852 1458 carmine
866 1386 1090 1459 tractandam
1110 1412 1188 1456 sus-

183 1511 350 1612 cipiebat.

232 1641 355 1709 Unum
372 1653 491 1709 autern
513 1635 771 1709 difficillimum
793 1635 994 1708 Claudiano
1018 1661 1187 1708 occurre-

182 1761 368 1859 bat,qu0d
388 1777 505 1835 essent
521 1761 596 1833 duo
613 1761 768 1851 domini,
785 1761 907 1833 Stillco
920 1776 954 1832 et
976 1767 1185 1860 imperator.

183 1883 264 1959 llou
282 1893 380 1960 enim
404 1895 452 1960 ita
470 1893 571 1986 prior
585 1885 789 1958 landandus
802 1902 891 1976 erat,
913 1901 954 1957 ut
974 1886 1052 1958 laus
1070 1903 1188 1986 poste·

184 2018 270 2085 riori
296 2029 505 2111 negaretur3
541 2037 606 2085 nec
629 2011 836 2084 Stiliconern
868 2010 1015 2113 quidem
1041 2011 1189 2083 laudaro

184 2137 339 2210 arduum
368 2152 464 2228 erat;
494 2143 646 2208 Honorii
667 2151 786 2207 autern
811 2134 1066 2235 predicatione
1096 2135 1185 2205 nihil

183 2260 377 2335 difficilius.
392 2267 543 2336 Necesse
555 2267 651 2333 enim
667 2275 740 2332 erat
756 2275 796 2331 ut
811 2285 920 2357 supra
934 2274 1105 2346 tutorem,
1120 2265 1188 2328 nri·

185 2393 337 2460 nistrum
353 2403 388 2459 et
400 2387 530 2460 ducem
542 2386 784 2458 collocaretur
795 2389 1004 2483 imperator,
1020 2389 1086 2481 qui
1106 2389 1189 2481 qui·

184 2511 266 2583 dent
294 2511 385 2582 nihil
410 2511 551 2610 agebat,
569 2509 656 2582 durn
676 2523 810 2581 cuncta
832 2496 951 2605 ageret
979 2522 1092 2598 tutor,
1121 2513 1189 2578 rni-

185 2639 312 2726 nlster,
341 2636 437 2724 dux,
464 2635 601 2708 Stilico.
624 2638 821 2721 Honorius,
845 2638 949 2704 etiarn
972 2648 1058 2704 tunc
1079 2656 1186 2733 puer,

185 2758 277 2831 nihil
289 2760 388 2833 aliud
402 2767 470 2833 nisi
485 2765 757 2860 imperatorium
778 2782 912 2830 nomen
933 2757 1105 2845 habebat,
1128 2756 1187 2830 sed

185 2899 325 2957 tantum
343 2901 417 2959 erat
433 2887 526 2958 illud
549 2910 698 2976 nornen,
723 2898 764 2956 ut
789 2883 841 2954 illi
862 2882 1047 2953 tribuendi
1074 2897 1192 2954 essent

186 3016 331 3082 maximi
350 3011 522 3084 honores.
546 3017 596 3082 Ex
619 3017 695 3081 istis
710 2998 886 3107 ta'nquam
907 3013 1082 3105 angustiis
1098 3033 1191 3081 seur·

185 3161 248 3235 per
259 3136 342 3209 lelix
353 3137 575 3210 Claudianus
590 3141 720 3225 evasit;
741 3141 1091 3234 imperatoremm,
1110 3134 1190 3206 lau·

185 3260 294 3335 dibus
317 3261 449 3334 oblatis
476 3277 692 3352 contentus,
716 3259 808 3331 nihil
839 3258 968 3330 invidit
996 3258 1101 3349 duci,
1130 3265 1191 3330 cui

187 3392 255 3487 ipsi
281 3387 505 3461 Claudianus
525 3387 754 3475 satisfecerat,
775 3393 823 3457 ita
844 3400 882 3456 ut
900 3399 1013 3482 poetae
1035 3411 1098 3484 per
1120 3391 1191 3455 exi·

186 3518 295 3584 miam
314 3527 425 3584 artem
442 3518 580 3617 integer
595 3537 712 3610 usqne
727 3511 828 3582 favor
849 3514 1038 3599 manserit,
1061 3514 1190 3581 veritas

185 3636 263 3710 sola
282 3641 412 3737 saepius
426 3637 658 3711 laboraverit.

234 3769 314 3841 Non
345 3765 590 3837 omittendum
627 3786 776 3863 quoque
808 3759 997 3834 Claudiani
1030 3765 1192 3834 carmina

185 3886 269 3960 ideo
285 3887 394 3961 fnisse
407 3895 620 3989 composita,
643 3904 685 3961 ut
698 3886 818 3986 palam
838 3891 1086 3958 recitarentur.
1102 3890 1192 3977 Quae

186 4011 334 4111 quidem
362 4021 590 4090 recitationes
623 4021 659 4086 in
699 4018 817 4114 primo
846 4034 887 4084 ac
915 4010 1077 4084 secundo
1110 4024 1192 4117 post
