2744 4776
600 326 759 382 ...Ἱῇ-

230 490 267 550 2⁰
281 481 503 554 Occidentali
518 488 685 581 imperio,
701 483 864 554 barbaris
879 484 1022 571 rictiset
1036 484 1081 555 ad
1095 484 1193 555 fines

181 608 321 703 imperii
337 606 461 704 pulsis,
476 607 647 704 usquead
662 608 756 680 huuc
769 608 864 679 diem
882 634 926 679 ne
945 634 1018 680 una
1035 609 1192 706 quidem

181 737 368 829 provincia
385 748 506 832 erepta
530 750 610 805 est:
633 740 755 805 Romae
779 749 912 821 autem,
931 750 1091 819 senatus,
1114 762 1192 806 rnn-

180 855 362 946 gistratus,
376 862 535 947 comitia,
553 857 660 955 leges,
673 874 803 929 cuncta
823 857 1010 929 debilitata
1024 853 1193 956 langues·

181 989 290 1063 cunt;
321 1003 401 1075 quae
419 979 567 1075 quidem
592 988 749 1078 antiquae
775 997 809 1052 et
834 979 1011 1067 defunctae
1033 985 1191 1052 civitatis

180 1098 305 1172 formae
336 1105 627 1193 accommodata,
654 1113 709 1178 sui
734 1104 950 1178 desiderium
975 1130 1048 1175 uon
1077 1105 1192 1178 relin-

182 1241 314 1322 quunt.
975 1224 976 1227 ¹

232 1355 267 1423 3⁰
289 1357 386 1450 Viget
399 1369 519 1424 autem
534 1353 729 1453 imperialis
744 1369 914 1452 potestas,
927 1377 1037 1450 quam
1048 1351 1187 1424 firmis-

181 1483 308 1548 simam
329 1485 444 1548 tenuit
467 1478 704 1549 Theodosius.
733 1483 902 1550 Potestati
931 1476 1029 1549 deest
1057 1483 1187 1548 Hono·

182 1607 268 1688 rius,
289 1626 364 1671 non
390 1607 554 1672 Honorio
587 1618 754 1700 potestas.
787 1601 960 1673 Nondum
976 1627 1020 1672 eo
1035 1617 1185 1672 ventum

182 1741 248 1815 est,
276 1741 313 1795 ut
341 1730 531 1823 imperium
559 1733 748 1825 Romaque
770 1731 899 1798 servari
929 1727 1004 1797 n'on
1031 1733 1187 1825 possint.

182 1855 302 1920 Licuit
322 1850 523 1922 Claudiano
539 1856 679 1950 imperii
699 1851 851 1922 salutem
868 1875 1020 1949 sperare.

231 1979 267 2060 4⁰
286 1981 471 2047 Exercitus
496 1975 645 2073 quidem
661 2001 701 2047 ex
728 1975 891 2047 barbaris
911 1981 1064 2047 maxime
1084 2000 1191 2048 cons·

180 2116 278 2192 tant;
307 2103 366 2174 hic
389 2101 550 2200 profecto
571 2117 718 2201 apparet
740 2108 880 2200 imperii
909 2101 1098 2187 debilitas3
1124 2099 1187 2170 sed
1229 2137 1233 2143 ·

182 2231 358 2297 exercitus
385 2232 442 2297 isti
457 2227 510 2299 vel
537 2234 762 2325 imperatoris
783 2227 837 2298 vel
859 2227 996 2299 ducum
1018 2232 1056 2296 in
1077 2248 1191 2295 mauu

182 2365 287 2440 suut3
306 2351 527 2447 quibuscum
545 2353 658 2424 multa
677 2378 805 2450 magna
822 2358 859 2422 in
876 2350 1071 2425 Occidente
1085 2374 1193 2446 agen·

184 2490 256 2568 tur,
272 2492 306 2548 et
324 2482 363 2547 in
383 2482 530 2549 Oriente
550 2479 696 2574 majora.
717 2480 948 2575 Quapropter
967 2489 1085 2574 poeta,
1107 2473 1193 2545 licet

183 2606 220 2674 in
234 2603 457 2694 carminibus
470 2603 558 2701 quid
576 2602 771 2674 abarbaris
786 2600 1040 2697 ingruentibus
1059 2605 1188 2670 timen-

184 2728 272 2799 dum
306 2733 351 2799 sit
376 2730 610 2817 demonstret,
631 2733 737 2799 certis
766 2751 833 2798 nec
861 2707 1064 2796 refellendis
1082 2749 1191 2822 argu·

185 2859 314 2925 mentis
336 2868 486 2925 testatur
504 2878 566 2925 eos
588 2851 642 2924 vel
662 2851 709 2923 ab
728 2856 887 2922 exercitu
914 2849 1088 2948 degenere
1115 2873 1197 2920 esse

184 2977 395 3051 vincendos.

237 3105 271 3176 5⁰
296 3110 338 3174 In
354 3102 548 3174 Gildonico
560 3101 658 3172 bello
670 3116 790 3199 poeta,
801 3105 935 3171 caeteris
950 3096 1191 3196 scriptoribus

186 3234 307 3330 potior
323 3228 536 3325 meliorque,
556 3224 741 3298 manifeste
756 3223 925 3305 ostendit,
943 3219 1043 3318 quod
1058 3227 1096 3290 in
1110 3220 1192 3292 aliis

187 3380 263 3428 non
282 3358 456 3443 inveniam,
478 3376 542 3451 per
566 3350 809 3450 proditionem
836 3344 1089 3420 tantummodo
1114 3370 1192 3417 rem

186 3483 360 3550 Romanis
373 3500 545 3576 prospere
567 3480 723 3546 cessisse.
737 3472 860 3545 -Sed
887 3479 922 3542 in
946 3476 1072 3542 Getico
1091 3468 1193 3540 bello

188 3603 293 3703 plura
313 3608 419 3674 etiam
441 3602 597 3672 historiae
616 3596 774 3686 conlert;
800 3601 928 3695 saepius
950 3599 1047 3666 euim
1067 3598 1194 3664 omnia

188 3731 266 3826 ejus
285 3733 490 3800 testimonio
509 3731 686 3797 nituntur.
700 3723 798 3815 Quid
812 3729 924 3811 enim,
938 3720 1100 3792 detracto
1111 3715 1192 3805 illo,

189 3852 235 3925 de
251 3853 321 3923 hoc
339 3852 438 3923 bello
459 3866 588 3921 notum
607 3847 847 3920 haberemus?
870 3851 1015 3917 Gestam
1039 3840 1085 3913 ad
1107 3836 1192 3910 Pol-

190 3979 335 4051 lentiam
365 3975 547 4075 pugnam?
565 3978 655 4065 Quis
687 3988 806 4044 autem
830 3973 1017 4041 victoriam
1044 3962 1192 4036 retulit?
1239 4067 1248 4084 ι
