2744 4776
603 358 763 420 -66-

188 524 404 616 Eutropium
437 532 471 588 et
501 533 687 615 acceptum
719 517 894 607 Ecclesia,
925 531 979 588 tot
1005 518 1194 589 malorum

189 643 392 722 immemor,
403 656 490 707 voce.
504 633 576 706 divi
590 639 739 707 loannis
749 635 998 732 Chrysostomi
1017 633 1196 706 adversus

187 751 555 852 imperatorismilites
577 765 711 824 tuetur.
734 754 818 823 Pius
843 756 1048 852 episcopus,
1063 777 1193 824 coram

187 876 377 969 Eutropio,
391 868 480 968 asyli
500 868 671 943 columna
686 875 787 960 nix0,
798 875 998 941 orationem
1014 869 1140 959 hahet,
1159 885 1195 941 et

186 1002 329 1085 aspecta
348 1001 454 1058 tantae
478 985 738 1083 magnitudinis
756 990 880 1071 ruina,
901 984 1194 1057 exaudientium

187 1099 305 1172 oculis
314 1098 492 1198 lacrymas
500 1099 598 1172 elicit
610 1126 619 1170 t
631 1104 782 1170 Vanitas
796 1106 1007 1188 vanitatum,
1019 1116 1056 1171 et
1067 1107 1196 1172 omnia

189 1223 341 1290 vanitas.
359 1216 470 1314 Asyla
481 1231 601 1289 autem
614 1215 751 1300 relicta,
763 1222 958 1317 Eutropius
976 1217 1023 1289 ab
1033 1223 1195 1289 inimicis

184 1337 258 1404 suis
273 1336 435 1431 capitur3
463 1347 499 1404 et
517 1357 642 1405 rursus
668 1331 850 1405 advocatis
873 1333 1064 1424 fidelibus,
1083 1333 1193 1404 divus

181 1450 340 1521 loannes
361 1445 406 1520 de
429 1472 550 1520 rerum
572 1447 816 1520 humanarum
840 1447 1031 1546 fragilitate
1045 1463 1080 1520 et
1094 1448 1190 1520 divi·

185 1569 316 1637 tiarum
331 1569 488 1638 vanitate
505 1563 703 1663 eloquitur.

230 1683 274 1750 In
299 1675 355 1750 his
380 1676 541 1751 homiliis
560 1704 677 1749 unum
699 1678 954 1752 tantummodo
973 1678 1125 1752 verbum
1149 1687 1187 1752 iu

183 1800 400 1895 Eutropium
413 1801 690 1895 pronuntiatum
712 1811 888 1868 memorat
899 1801 996 1869 enim
1012 1822 1189 1869 veneran-

185 1911 255 1984 dus
264 1924 388 1984 orator
397 1914 572 2008 e11m‚'qui
582 1908 629 1982 ab
636 1910 794 1984 Ecclesia
807 1918 979 2002 servatur,
993 1911 1190 1984 Ecclesiam

185 2033 425 2100 temeravisse.
454 2025 553 2100 Nihil
578 2038 698 2098 tamen
720 2024 819 2099 aliud
847 2033 884 2098 in
916 2033 1038 2099 animo
1057 2026 1189 2122 habet,

185 2149 253 2215 nisi
264 2142 390 2216 fideles
404 2141 547 2214 docere.
565 2141 631 2215 Sed
650 2149 757 2215 etiam
773 2166 889 2241 quum
909 2142 1144 2233 sile't‚clamat
1157 2155 1194 2217 et

184 2273 343 2346 accusat,
358 2256 551 2356 firmatque
565 2258 771 2348 Claudiani,
784 2263 917 2331 Zosimi
929 2273 964 2331 et
976 2273 1191 2332 caeterorum

185 2380 403 2474 scriptorum
429 2379 690 2448 accusationes.

235 2496 303 2562 Pro
317 2495 423 2563 certis
440 2495 550 2587 igitur
564 2491 763 2563 habeamus
773 2516 854 2588 quae
873 2491 981 2564 nobis
995 2491 1040 2564 de
1053 2492 1192 2565 Rufino

185 2621 220 2678 et
257 2611 432 2706 Eutropio
463 2607 586 2679 retulit
622 2606 863 2696 Claudianum
900 2613 977 2680 sine
1004 2633 1080 2705 quo
1122 2608 1192 2682 nec

186 2737 315 2811 notum
335 2722 444 2794 nobis
467 2739 557 2795 esset
578 2723 715 2821 quibus
734 2729 885 2795 miseriis
904 2729 1037 2795 intimae
1057 2731 1193 2822 princi·

186 2862 272 2936 pum
289 2837 614 2927 anninhausen,
630 2862 697 2910 nec
710 2838 846 2935 quibus
860 2843 954 2910 vitiis
964 2837 1192 2912 foedarentur

186 2954 325 3052 indigni
337 2953 391 3025 illi
405 2960 667 3053 imperatorum
683 2960 837 3026 ministri
848 2960 913 3053 qui
925 2980 962 3027 se
974 2961 1192 3054 turpissimis
1228 3044 1231 3051 Ι

185 3069 433 3169 voluptatibus
453 3066 665 3163 tradebant,
687 3070 776 3144 dum
796 3096 952 3172 praeceps
974 3070 1103 3144 ruebat
1127 3074 1193 3142 im·
1222 3068 1227 3089 ²

186 3209 340 3284 penum.
